2842 4764
1237 214 1275 279 19

229 401 316 481 XIV,
333 401 383 480 10,
403 401 443 465 14
458 398 577 482 gloriae
591 398 719 480 gradus,
736 417 815 480 quos
830 397 915 465 fama
928 419 959 483 p.
972 400 1136 484 plagarum
1151 419 1276 484 quoque

143 504 267 571 accolas
301 503 486 591 extimarum
519 498 674 566 diffundit.
718 499 787 579 XV,
812 502 841 581 5,
874 504 916 567 24
947 506 1021 567 ante
1049 503 1215 586 adlapsum
1244 522 1274 585 p.

143 608 274 674 Italims
308 605 405 672 ullum
435 621 604 670 rumorem.
648 603 772 684 XVIII,
807 605 842 684 3,
876 608 895 671 3
929 605 1085 671 credimus
1117 625 1150 688 p.
1174 606 1276 672 aerIos

142 709 292 776 tramites
313 709 426 775 lamam
449 712 631 790 praepetem
650 705 791 772 volitare.
836 706 906 787 XX,
929 709 961 788 4,
987 712 1003 773 1
1021 726 1100 790 quas
1115 708 1277 794 (virtutes)

146 833 178 896 p.
203 831 260 877 ora
281 811 418 893 gentium
441 799 637 875 diuersarum
669 808 755 874 lama
785 808 936 874 celebrior
957 809 1145 876 effundebat.
1189 810 1275 892 XXI,

147 923 185 992 9,
215 913 338 980 314444
358 933 388 996 p.
411 913 534 995 Illyri0s
563 930 670 976 omnes
698 911 849 977 celebrior
874 911 1076 978 fundebatur.
1119 913 1221 995 XXV,
1246 917 1275 996 8,

152 1018 191 1083 13
212 1015 295 1082 sarna
315 1035 345 1098 p.
369 1014 544 1098 provincias
566 1014 720 1080 volitabat
735 1019 767 1080 et
789 1019 905 1097 gentes.
942 1014 1057 1095 XXIX,
1082 1017 1111 1096 6,
1136 1021 1155 1082 6
1178 1016 1277 1082 disse-

145 1110 283 1184 minatus
305 1136 412 1183 rumor
442 1137 471 1200 p.
495 1117 626 1182 diversa.
670 1116 792 1198 XXXI,
826 1119 864 1199 3,
892 1119 911 1184 8
940 1116 1024 1183 fama
1045 1117 1110 1183 late
1131 1125 1277 1200 serpente

144 1242 174 1305 p.
199 1221 376 1288 Gothorum
398 1220 534 1302 reliquas
557 1223 677 1301 gentes.

229 1323 323 1390 Nunc
346 1323 611 1390 commemorandi
633 1326 707 1388 sur'rt
741 1323 764 1387 ii
789 1322 858 1404 loci,

233 1428 264 1506 6)
297 1424 412 1507 quibus
433 1424 623 1507 praepositio
640 1424 772 1489 eandem
792 1425 856 1490 vim
878 1443 915 1491 ac
937 1445 1034 1508 snpra
1056 1426 1175 1493 habens
1198 1446 1278 1494 cunr

145 1529 356 1596 vocabulis
377 1529 514 1594 variae
537 1526 846 1610 significationis
869 1529 1142 1611 coniungitur.

232 1633 278 1698 Ac
309 1631 445 1715 primum
479 1651 517 1696 ea
549 1631 646 1696 verba
677 1650 734 1713 per
754 1631 931 1698 litterarum
964 1632 1107 1698 ordinem
1138 1633 1277 1714 afferam,

147 1754 229 1818 quae
250 1735 377 1817 saepius
398 1735 560 1817 reperiunt
599 1785 607 1800 .
1328 1775 1335 1787 ·

232 1837 406 1921 digredi:
429 1837 561 1918 XXVII,
585 1841 615 1917 9,
639 1841 658 1904 6
681 1836 833 1918 globatim
854 1857 884 1920 p.
908 1838 1009 1904 414144
1032 1838 1165 1920 digressi
1185 1857 1279 1920 prae-

145 1940 254 2006 dones.
299 1938 420 2018 XXXI,
446 1942 495 2019 16,
521 1939 683 2005 Ibarbari
698 1939 831 2022 digressi
846 1945 920 2006 sunt
934 1939 1079 2005 effusorie
1100 1959 1132 2022 p.
1153 1946 1278 2007 arctoas

145 2042 332 2124 provincias.

234 2145 478 2212 discurrere:
507 2144 592 2225 XIV,
616 2147 651 2225 6,
682 2147 721 2210 16
756 2149 920 2210 matronae
953 2164 983 2227 p.
1018 2144 1117 2210 latera
1144 2145 1278 2212 civitatis

148 2254 261 2315 cuncta
282 2249 472 2315 discmrunt.
520 2252 574 2328 ll,
598 2251 639 2314 26
670 2247 814 2314 Nemesis
846 2268 877 2331 p.
901 2248 1056 2315 clementa
1089 2250 1276 2316 discmrens.

146 2350 240 2433 XVI,
264 2354 341 2432 3,3
376 2350 525 2416 exercitui
557 2369 587 2432 p.
621 2350 709 2415 varia
743 2350 930 2417 dIscursuro.
980 2350 1089 2432 XVII,
1120 2354 1176 2432 12,
1207 2355 1277 2434 3p.
1360 2423 1363 2428 ,

146 2454 252 2536 spatia
273 2455 452 2521 discurrunt
473 2453 674 2536 amplissima.
712 2452 798 2534 XDI,
825 2455 873 2534 13,
900 2457 963 2536 lp.
980 2473 1075 2537 rupes
1098 2460 1131 2521 et
1152 2457 1281 2521 dumeta

147 2555 368 2624 discurrentes.
406 2557 476 2638 XX,
493 2562 521 2638 6,
545 2561 564 2622 2
588 2576 618 2639 p.
641 2560 745 2621 turres
760 2556 978 2622 discurrebant
1000 2562 1032 2623 et
1053 2557 1164 2628 minas.
1191 2557 1279 2650 XXI,

150 2663 255 2738 16,18
277 2660 409 2726 catervis
425 2660 587 2725 antistium
609 2659 693 2724 ultro
716 2659 856 2741 citroque
872 2659 1118 2727 discurrentibus
1140 2681 1170 2743 p.
1188 2680 1281 2743 syno-

148 2762 215 2828 dos.
260 2763 378 2843 XXIII,
405 2767 433 2843 5,
467 2766 508 2829 25
542 2781 579 2827 44
612 2782 642 2844 p.
667 2763 790 2827 ordines
823 2763 1026 2827 dIscurrente.
1073 2769 1107 2843 6,
1131 2762 1279 2831 26fluvfi

148 2865 240 2930 multi
272 2885 303 2948 p.
333 2866 412 2931 haec
443 2864 512 2930 loca
545 2865 733 2930 discurrunt.
784 2864 906 2944 XXIV,
934 2871 970 2945 4,
995 2869 1013 2930 9
1042 2866 1103 2946 ipsi
1134 2885 1164 2947 p.
1194 2867 1281 2931 varia

149 2967 371 3033 dIscurrentes.
424 2970 501 3047 6,9
535 2967 603 3048 ipse
636 2987 666 3049 p.
695 2966 797 3049 prima
833 2972 1056 3050 postremaque
1091 2968 1280 3034 discurrens.

146 3069 250 3149 XXV,
275 3070 304 3149 5,
329 3072 347 3136 5
370 3089 400 3152 p.
424 3070 549 3152 agmina
572 3069 777 3134 discurrebat.
822 3069 937 3149 XXVI,
960 3072 990 3150 3,
1016 3073 1034 3134 5
1057 3070 1233 3137 discurrens
1248 3090 1278 3153 p.

147 3172 260 3237 silices.
291 3171 439 3251 XXVIII,
457 3175 486 3252 3,
503 3174 523 3239 8
539 3172 622 3237 ultro
639 3171 778 3252 citroque
793 3191 824 3254 p.
836 3172 931 3253 longa
953 3173 1058 3254 spatIa
1073 3173 1280 3238 discurrentes

150 3274 257 3340 Verba
280 3293 331 3356 „p.
355 3274 438 3357 long.
461 3279 530 3356 sp.“
554 3274 671 3356 scripta
693 3279 768 3339 sunt
796 3275 829 3338 in
851 3274 956 3340 codice
977 3275 1138 3355 VatIcano,
1163 3273 1281 3340 omissa

147 3375 182 3441 in
204 3375 341 3442 editione
363 3375 497 3456 Gelenii;
532 3374 594 3440 Sed
625 3394 695 3441 cum
718 3395 844 3444 sensum
872 3376 965 3442 huius
987 3376 1048 3442 loci
1071 3396 1133 3442 non
1155 3382 1280 3459 pertur-

148 3477 232 3559 bent,
255 3498 318 3546 non
341 3486 398 3557 est,
423 3498 478 3544 cur
499 3479 657 3545 eiciamus.
702 3479 823 3559 XXIX,
853 3484 886 3559 5,
911 3480 952 3545 41
976 3499 1007 3562 p.
1032 3499 1109 3545 saxa
1131 3488 1163 3546 et
1185 3499 1279 3563 rupes

148 3581 332 3648 dIsourrere.
377 3580 476 3660 XXX,
500 3587 530 3660 4,
557 3584 597 3646 14
618 3601 649 3663 p.
673 3581 804 3666 angulos
826 3582 988 3647 civitatum
1011 3583 1198 3649 discurrunt.

234 3683 295 3749 His
310 3683 460 3766 exemplis
482 3684 618 3766 adiungo
642 3684 714 3763 duo,
737 3685 770 3748 in
794 3684 908 3766 quibus
931 3685 1160 3751 substantivum
1182 3685 1281 3765 „dis-

148 3788 312 3852 cursus“
335 3786 382 3851 ita
403 3785 528 3868 legitur.

234 3888 354 3966 XXIII,
377 3890 407 3969 6,
434 3893 471 3954 11
496 3889 584 3955 cuius
600 3909 629 3970 p.
654 3907 726 3954 oras
742 3906 850 3953 omnes
866 3888 1055 3970 oppidorum
1078 3893 1126 3953 est
1142 3888 1280 3955 densitas

149 3996 183 4056 et
213 3991 353 4056 vicorum
387 3991 576 4073 naviumque
610 3991 710 4056 crebri
745 3991 912 4056 dlecursus.
971 3993 1009 4057 In
1046 3992 1149 4073 priore
1187 3993 1280 4060 huius

150 4092 284 4176 exempli
316 4099 407 4176 parte
430 4099 526 4176 „per“
549 4094 632 4160 idem
654 4093 738 4159 valet
771 4101 866 4176 atque
889 4093 973 4173 „in.“
1024 4094 1146 4176 XXIV,
1172 4097 1205 4176 l,
1243 4097 1281 4162 13

148 4195 331 4263 llcentiores
352 4197 488 4263 militum
511 4217 541 4279 p.
565 4196 736 4279 longinqua
758 4198 924 4263 discursus
