2842 4764
146 206 187 270 32

145 376 261 457 uetitus
285 396 353 456 erat
375 414 406 475 p.
424 412 453 474 q.
477 392 602 474 pulsare
626 393 781 473 quendam
800 380 963 456 insontem:
1001 389 1085 470 XIX,
1113 393 1161 467 12,
1187 394 1228 457 10
1242 412 1293 474 p..

147 514 175 577 q.
199 493 349 576 figmenta
371 494 493 559 viderat
514 495 624 559 multa.
671 495 739 569 XX,
766 498 793 573 5,
820 495 860 558 10
875 494 1028 558 retulerat
1049 494 1221 576 imperator
1243 514 1273 576 p.

53 648 60 657 .
148 616 176 679 q.
216 595 352 677 aliquem
385 596 523 661 visum..
554 596 651 676 XXV,
693 598 741 676 10,
783 599 821 663 17
858 615 888 677 p.
927 614 956 677 q.
994 595 1188 676 praedIetum
1226 600 1275 661 est

147 691 222 763 seni.
273 698 372 776 XXX,
407 703 435 776 b,
466 704 503 767 18
536 704 709 780 nocteque,
743 704 779 763 ut
811 717 841 779 p.
866 717 894 778 q.
917 697 993 761 fieri·
1022 697 1115 775 solet,
1146 697 1274 763 videbat

147 802 308 883 coniugem
345 821 443 872 suam.
501 802 622 871 XXXI.
662 807 692 881 1,
728 802 747 866 3
775 800 967 866 miserabiles
1010 800 1138 865 umbrae
1169 819 1275 865 caeso-

144 923 214 969 rum
250 923 279 985 p.
318 922 347 985 q.
387 904 546 969 stridendo
591 904 727 968 earmina
770 939 811 950 —
848 902 1018 985 agitabant.
1088 901 1207 983 XXXI,
1247 909 1272 982 1,

15 996 17 1002 ’
145 1009 164 1070 2
206 1006 392 1071 Antiochiae
436 1026 466 1088 p.
500 1007 610 1071 rixas
654 1006 929 1087 tumultusque
973 1005 1118 1088 vulgares
1163 1005 1196 1069 id
1242 1005 1274 1070 in

147 1109 402 1174 consuetudinem
425 1113 559 1173 venerat.
613 1109 681 1188 XV,
710 1111 738 1188 6,
766 1112 782 1173 1
806 1109 930 1190 iamque
961 1129 991 1189 p.
1016 1109 1274 1173 securitatem

148 1211 348 1292 quaestiones
372 1210 581 1292 agitabantur.
626 1211 677 1276 Ita
711 1212 809 1276 edidit
831 1210 1107 1290 Gardthausenus3
1134 1211 1167 1275 in
1190 1210 1275 1275 codi-

145 1314 232 1379 cibus
256 1313 477 1393 scriptumest
499 1319 591 1395 „post
613 1321 704 1394 see.‚“
729 1315 814 1397 quod
828 1332 891 1377 non
913 1318 1018 1395 potest
1040 1314 1167 1377 omnino
1183 1313 1275 1478 (plrasi

144 1414 394 1496 breviloquentia
417 1417 553 1496 quadam
576 1417 695 1481 dictum
710 1417 841 1481 delendi.
880 1415 964 1496 XIX,
991 1419 1039 1496 10,
1066 1416 1175 1491 ldum
1221 1432 1276 1480 aec

146 1535 177 1597 p.
201 1517 305 1581 varios
328 1517 501 1583 turbines
536 1519 568 1582 In
601 1519 728 1584 orientis
762 1520 875 1584 extImo
907 1518 1102 1585 festinantur.
1155 1516 1274 1598 XXIX,

147 1620 176 1699 6,
206 1620 244 1685 17
268 1618 343 1682 dum
365 1619 442 1684 haec
463 1641 493 1702 p.
517 1626 539 1684 t.
564 1622 724 1704 agitantur
748 1622 898 1686 assiduos.

235 1722 314 1787 Cum
338 1722 498 1787 adieetivis
520 1723 569 1787 vel
593 1742 663 1788 eum
684 1724 919 1804 pronominibus
941 1724 1043 1788 neutri
1066 1723 1188 1804 generis
1211 1740 1276 1787 non

145 1824 247 1889 inveni
282 1826 342 1889 hac
378 1824 603 1905 significatione
643 1833 736 1907 „per“
783 1825 823 1890 ab
860 1825 1024 1890 Ammiano
1063 1826 1273 1905 coniunctum,

146 1946 337 2010 quamquam
359 1929 419 1993 hoc
441 1929 564 1995 dicendi
586 1948 683 2012 genus
706 1929 791 1994 haud
814 1929 858 1993 ita
879 1948 951 1993 raro
974 1930 1058 2011 apud
1080 1929 1274 2011 posteriores

143 2030 271 2113 legitur;
309 2036 341 2095 et
373 2050 410 2096 ex
432 2032 539 2097 Tacito
561 2030 739 2096 Hensellius
773 2033 817 2112 (p.
842 2032 894 2109 30)
929 2031 1099 2113 compluria
1130 2030 1275 2113 exempla

145 2134 260 2214 attulit,
284 2140 316 2199 et
339 2134 377 2199 ab
401 2135 470 2199 aliis
493 2141 663 2217 usurpatur
687 2153 763 2217 „per
784 2135 863 2199 h0c“
899 2140 930 2198 et
958 2153 1034 2215 „per
1055 2136 1152 2200 haec⁴‘
1178 2135 1274 2217 signi-

143 2234 239 2301 ficans
279 2236 515 2316 ‚,inzuischen.“
575 2237 624 2321 (cf.
659 2237 809 2320 Draeger.
854 2237 963 2302 histor.
999 2236 1084 2320 Synt.
1124 2238 1181 2301 der
1217 2237 1274 2302 lat.

145 2337 291 2420 Spraehe‚
314 2340 354 2421 12,
377 2360 406 2422 p.
432 2343 519 2422 608.)

405 2527 434 2593 0.
472 2529 535 2594 Per
558 2547 656 2594 sensu
678 2528 841 2594 translato
863 2529 1012 2616 positum.

230 2648 327 2712 Recte
353 2648 530 2712 Hensellius
565 2652 607 2729 (p.
632 2649 687 2728 31)
720 2654 752 2712 et
773 2648 950 2712 Wulschius
985 2655 1027 2730 (p.
1053 2650 1107 2732 52)
1143 2649 1273 2714 demon-

146 2755 325 2814 straverunt
360 2768 468 2815 omnes
501 2750 749 2832 praepositiones
792 2770 811 2814 a
841 2752 871 2815 vi
905 2757 1000 2833 atque
1045 2749 1271 2832 significatione

146 2853 281 2933 genuina
304 2871 340 2916 eo
364 2852 464 2934 magis
486 2853 640 2932 recedere,
666 2871 728 2935 quo
754 2853 877 2934 longius
906 2855 1147 2935 progrederetur
1170 2855 1270 2919 oratio

146 2955 294 3036 oprimis
317 2955 521 3020 incunabulis.
568 2955 635 3033 Quo
652 2954 768 3020 factum
791 2963 855 3036 est,
886 2962 920 3021 ut
943 2957 1038 3021 etiam
1060 2959 1157 3038 „per“
1180 2975 1273 3038 prae-

144 3058 258 3139 positio
281 3058 359 3122 alias
382 3057 623 3138 significationes
658 3079 676 3123 a
710 3060 845 3140 genuina
878 3060 1082 3124 abhorrentes
1115 3059 1268 3139 indueret,

145 3162 189 3224 ita
211 3167 317 3225 tamen
338 3167 374 3224 ut
396 3179 520 3243 semper
554 3167 657 3225 mente
692 3161 798 3227 localis
833 3163 923 3245 quasi
957 3163 1043 3226 notio
1068 3163 1268 3244 percipiatur.

146 3262 208 3327 Sed
231 3262 419 3328 transfertur
441 3263 547 3328 localis
569 3264 808 3345 praepositionis
831 3265 877 3329 vis
910 3283 972 3328 non
1005 3264 1105 3327 solum
1129 3264 1169 3327 ad
1191 3270 1273 3328 tem-

145 3366 285 3447 poralem
299 3367 463 3446 rationem,
487 3366 527 3430 de
550 3386 613 3448 qua
634 3368 728 3431 modo
745 3368 888 3446 disserui,
912 3367 968 3431 sed
983 3365 1150 3431 adhibetur
1172 3368 1269 3432 etiam

144 3486 297 3550 persaepe
319 3469 359 3532 ad
383 3487 436 3532 eas
458 3487 524 3546 rea,
561 3488 642 3550 quae
673 3470 712 3533 ad
736 3488 863 3535 eausam
896 3469 946 3533 vel
978 3471 1105 3533 modum
1139 3469 1270 3534 alicuius

149 3571 280 3636 aetionis
302 3572 468 3652 pertinent.
514 3572 625 3654 Itaque
659 3573 690 3637 in
724 3573 783 3636 hac
815 3579 905 3654 parte
938 3572 1014 3636 mihi
1046 3572 1271 3653 disputandum

146 3674 206 3738 erit
228 3675 267 3738 de
288 3674 535 3754 instrumentali,
562 3675 692 3741 modali.
728 3675 845 3739 causali
865 3675 1103 3756 praepositionis
1126 3675 1164 3738 vi.
1209 3675 1271 3739 Vix

146 3781 194 3839 est
215 3777 403 3840 monendum
427 3777 509 3841 hunc
532 3779 718 3843 translatum
740 3778 980 3859 praepositionis
1002 3796 1094 3842 usum
1116 3777 1201 3840 haud
1224 3778 1274 3842 ita

145 3897 238 3960 saepe
261 3880 391 3944 inveniri
415 3881 498 3960 apud
521 3881 639 3961 priscos
663 3880 830 3961 scriptores
861 3899 992 3962 eosque,
1028 3880 1082 3962 qui
1112 3879 1270 3944 Ciceronis

146 3987 249 4046 aetate
272 3982 424 4059 vixerunt.
472 3984 514 4046 At
547 3984 630 4064 apud
664 3983 853 4065 posteriores
875 3983 1064 4065 praepositio
1087 3983 1272 4063 saepissime

144 4082 190 4147 ita
214 4091 391 4167 usurpatur.
450 4085 511 4151 Sed
535 4105 603 4150 cum
626 4087 745 4168 priores
768 4086 934 4169 scriptores
957 4105 1080 4168 semper
1101 4085 1165 4149 fere
1187 4086 1271 4150 viam

145 4189 239 4267 atque
263 4189 414 4253 rationem
438 4190 669 4270 intellegerent,
703 4208 760 4270 per
794 4209 889 4278 quam
911 4191 1066 4255 transiens
1090 4187 1196 4270 aliqua
1218 4208 1252 4253 re
