2842 4764
1234 247 1275 310 27

142 431 176 496 11
198 431 309 513 aliquo
332 430 400 495 Ioco
421 422 570 500 uersatur.
617 431 730 496 Restat
750 430 861 511 igitur,
893 435 929 495 ut
956 448 1010 496 eos
1032 430 1116 498 locos
1138 430 1276 514 afferam,

145 533 261 616 quibus
294 533 372 598 haec
402 532 643 615 praepositionis
671 537 811 616 potestas
845 532 936 614 quasi
971 528 1108 614 imagine
1139 535 1277 615 quadam

145 637 290 704 adhibita
311 639 499 718 usurpatur,
529 635 576 701 ita
605 641 641 701 ut
663 636 855 719 praepositio
883 653 945 699 non
971 635 1072 701 solum
1094 636 1217 703 dicatur
1238 639 1278 704 de

144 740 243 806 rebus
262 738 485 822 'percensendis
509 743 542 804 et
563 739 736 805 tractandis
759 739 814 804 sed
837 738 934 804 etiam
957 739 996 803 de
1017 739 1056 804 iis
1071 739 1174 820 rebus,
1197 759 1277 821 quas

147 841 270 924 aliquid
291 842 425 923 attingit.
472 841 589 923 (Hand.
620 841 709 908 Turs.
747 842 802 922 IV,
825 843 914 925 433).
958 842 1018 908 Hic
1040 862 1116 909 usus
1144 845 1279 909 ooomrit

150 948 184 1008 11
206 943 290 1026 apud
303 948 414 1025 poetas
436 948 469 1007 et
491 944 577 1025 apud
599 944 766 1026 scriptores
781 945 939 1027 prosaicos
954 945 1027 1010 inde
1042 964 1062 1010 a
1075 946 1145 1010 Livi
1159 951 1272 1025 aetate,

148 1047 316 1130 praecipue
341 1046 425 1139 apud
449 1045 683 1124 Quintilianum.
722 1047 825 1126 Quare
845 1048 959 1113 mirum
985 1067 1048 1113 non
1073 1055 1123 1115 est
1138 1049 1278 1114 Ammia-

147 1168 226 1214 num
241 1149 376 1214 eundem
391 1168 485 1214 usum
499 1149 663 1231 recepisse.

233 1252 320 1332 XIV,
338 1257 366 1332 5,
383 1254 402 1317 6
418 1251 535 1316 Ρ11111
549 1250 710 1318 ferebatur
724 1272 755 1334 p.
772 1260 894 1336 strages
909 1253 1094 1335 multiplices
1111 1273 1148 1321 ao
1162 1255 1278 1321 ruinas.

145 1354 297 1436 XXVIH,
322 1358 350 1436 1,
375 1358 415 1422 36
439 1354 643 1436 grassabatur
665 1375 695 1438 p.
720 1359 841 1438 strages
863 1356 1049 1439 multiplices
1071 1357 1276 1424 fortunarum.

148 1458 268 1540 XXIX,
292 1462 322 1539 3,
345 1461 365 1524 2
387 1457 628 1524 Valentinianus
650 1478 680 1540 p.
704 1477 832 1540 asperos
855 1465 944 1524 actus
966 1459 1135 1526 ferebatur.
1158 1459 1276 1541 XXXI,

148 1562 179 1642 2,
206 1561 245 1626 12
268 1561 329 1627 hoc
350 1579 449 1643 genus
471 1562 632 1626 hominum
664 1580 695 1644 p.
725 1563 852 1645 rapinas
874 1562 1078 1629 finitimorum
1101 1570 1280 1648 grassatum

150 1668 183 1728 et
209 1663 322 1729 caedes
349 1664 491 1746 adusque
517 1664 658 1730 Halanos
691 1667 841 1746 pervenit.
885 1666 976 1744 XVI,
1009 1671 1045 1747 2,
1080 1672 1098 1734 1
1125 1687 1157 1750 p.
1180 1668 1281 1733 multa

153 1765 333 1832 discrimina
354 1767 439 1832 venit
460 1766 613 1831 Tricasas.
657 1767 763 1848 XXV,
787 1770 817 1848 3,
842 1770 883 1833 14
904 1767 1019 1833 milites
1041 1788 1072 1850 p.
1095 1768 1196 1833 multa
1217 1769 1280 1834 dis·

149 1867 281 1933 crimina
295 1873 446 1950 occupato
463 1868 581 1934 castelli
596 1869 754 1950 praesidio
778 1907 815 1916 —
833 1870 919 1952 iungi
934 1870 1082 1935 exercitui
1098 1875 1278 1953 potuemnt.

150 1971 181 2049 8,
218 1971 237 2034 3
272 1970 450 2035 discrimine
483 1991 514 2051 p.
548 1971 689 2036 difficiles
724 1990 815 2037 casus
848 1953 1002 2037 extracti.¹
1031 1971 1121 2052 XVI,
1144 1975 1180 2052 5,
1204 1975 1223 2038 6
1246 1995 1277 2056 p.

149 2071 255 2138 omma
281 2073 500 2156 philosophiae
526 2075 668 2140 membra
701 2075 873 2157 prudenter
901 2074 1091 2157 disputando
1124 2074 1278 2140 currebat.

152 2172 302 2240 Similiter
324 2176 409 2259 apud
432 2176 559 2254 Quintil.
604 2176 663 2257 IX,
688 2183 723 2256 2,
753 2179 795 2244 48
818 2176 932 2258 quibus
954 2176 1119 2258 generibus
1142 2198 1173 2259 p.
1196 2182 1281 2242 totas

149 2278 280 2344 interim
297 2281 496 2362 quaestiones
519 2281 721 2346 decurrimus.
766 2280 867 2361 XVI,
883 2284 936 2362 10,
962 2283 1003 2347 15
1024 2281 1176 2346 haerebat
1197 2284 1280 2345 atto-

149 2381 237 2447 nitus
260 2403 291 2465 p.
315 2382 478 2466 giganteos
502 2386 666 2447 contextus
689 2381 907 2447 circumferens
929 2368 1086 2467 mentem.⁴
1120 2381 1189 2463 XX,
1212 2383 1280 2461 4,6

122 2538 128 2549 .
151 2483 269 2550 Caesar
291 2506 322 2567 p.
346 2485 448 2550 varias
472 2504 562 2550 curas
585 2485 723 2549 animum
744 2503 886 2564 versans3
922 2502 992 2549 cum
1026 2484 1175 2549 hocloco
1198 2501 1281 2549 oom-

151 2605 246 2670 pares
269 2587 373 2664 Quint.
412 2587 467 2668 XI,
491 2588 519 2669 3,
548 2589 609 2653 176
631 2587 713 2652 Intra
735 2605 769 2652 se
792 2587 924 2669 quisque
946 2587 996 2652 111
1026 2587 1086 2652 hoc
1107 2587 1157 2652 vel
1185 2587 1280 2667 aliud,

151 2689 236 2771 quod
259 2688 352 2767 volet,
374 2710 406 2773 p.
430 2709 536 2756 omnes
560 2688 690 2755 affectus
712 2695 823 2755 verset.
883 2689 991 2770 XXII,
1025 2692 1080 2768 16,
1108 2691 1149 2753 22
1172 2708 1211 2754 ex
1231 2690 1282 2754 his

151 2791 291 2858 fontibus
325 2814 356 2874 p.
381 2792 527 2858 sublimia
561 2794 708 2874 gradiens
742 2811 921 2857 sermonum
954 2792 1161 2874 amplitudIne
1194 2792 1282 2857 Jovis

151 2895 294 2961 aemulus
316 2894 428 2960 Platon
450 2896 518 2960 1111
532 2896 677 2978 Aegypto
700 2895 845 2960 militavit
867 2895 1022 2977 sapientia
1043 2893 1188 2976 gloriosa.
1210 2894 1282 2959 Non

152 2998 322 3081 comprobo
353 2997 563 3067 coniecturam
592 2997 804 3077 Gutsohmidi,
832 3015 927 3078 quam
955 2995 1213 3061 Gardthauseaus
1249 2995 1280 3059 in

151 3105 274 3166 textum
296 3101 422 3184 recepit.
456 3100 488 3165 Is
511 3101 594 3169 enirn
616 3106 689 3184 post
701 3100 791 3181 „his“
804 3100 926 3165 addidit
938 3097 1049 3179 „IHS“
1061 3100 1092 3164 h.
1107 3116 1132 3162 1.
1147 3098 1281 3178 „Jesus“

152 3209 184 3269 et
204 3203 336 3268 retinuit
357 3203 497 3268 codicum
512 3203 699 3286 scripturam
715 3206 828 3284 „non,“
841 3222 899 3284 pro
923 3221 985 3284 qua
999 3201 1142 3267 Valesius
1158 3200 1284 3282 scripsit

153 3306 318 3387 „Platon.“
361 3306 517 3388 Equidem
539 3311 616 3389 puto
639 3305 761 3370 Valesii
783 3305 992 3370 coniecturam
1013 3322 1083 3370 esse
1105 3302 1283 3386 praeferen-

155 3409 241 3486 dam;
278 3427 381 3490 neque
409 3408 491 3472 enim
512 3407 679 3474 verisimile
708 3413 756 3473 est
777 3407 976 3472 Ammianum
1005 3408 1159 3472 eiusmodi
1179 3405 1284 3471 verbis

153 3530 247 3576 usum
270 3529 340 3576 esse
363 3511 402 3575 de
419 3511 554 3590 Christo,
579 3510 633 3591 qui
655 3515 766 3576 auctor
788 3515 836 3574 est
856 3508 1025 3590 religionis,
1049 3528 1143 3591 quarn
1165 3510 1284 3574 Ammi-

156 3632 236 3679 anus
261 3632 455 3695 quamquam
478 3612 672 3678 contumeliis
693 3612 841 3677 insectari
862 3610 970 3691 noluit,
993 3616 1099 3676 tamen
1121 3617 1284 3694 tamquam

158 3716 375 3783 adversariam
398 3722 430 3781 et
452 3734 528 3781 suae
551 3714 697 3781 infestam
719 3714 886 3797 repudiare
909 3714 1052 3780 debebat.
1096 3716 1139 3779 At
1161 3716 1285 3798 egregie

158 3822 315 3901 quadrant
351 3821 429 3884 haec
464 3819 560 3885 verba
596 3821 628 3884 in
664 3819 841 3897 Platonem,
886 3819 925 3883 de
971 3838 1033 3901 quo
1070 3818 1109 3884 ab
1147 3819 1285 3899 antiquIs
1328 3833 1334 3879 .·

157 3923 275 3989 dictum
291 3922 478 4004 accepimus,
494 3923 614 4003 Iovem,
633 3923 660 3987 si
676 3940 786 4004 graece
807 3921 894 4002 loqui
907 3921 1009 4002 111111,
1026 3923 1106 3987 sicut
1119 3921 1284 3987 Platonem

158 4045 225 4099 esse
248 4026 434 4091 locuturum.
481 4025 613 4110 (Vales.)
657 4024 768 4107 Neque
793 4042 866 4089 vero
897 4024 998 4088 solum
1026 4024 1065 4089 ob
1097 4025 1285 4090 suavitatem

158 4129 316 4208 orationis,
339 4133 376 4193 ut
390 4127 649 4193 Gardthausenus
664 4128 731 4192 vult
754 4127 835 4213 (oon.
858 4127 1013 4192 Ammian.
1036 4149 1068 4209 p.
1091 4129 1146 4212 25)
1172 4128 1285 4193 Ρ11111

158 4231 299 4297 aemulus
314 4231 492 4314 appellatur
502 4230 599 4310 Jovis,
616 4231 672 4296 sed
687 4231 814 4297 omnino
830 4231 870 4296 ob
886 4229 1123 4312 amplitudinem
1138 4235 1170 4297 et
1184 4231 1286 4314 gravi-
1390 4264 1393 4269 ·
