2842 4764
207 259 226 321 6
278 350 281 356 .

205 462 236 525 p.
261 444 341 528 364)
376 445 615 525 demonstravit,
652 465 746 527 quam
779 464 842 511 non
871 449 954 511 recte
988 447 1123 513 editores
1154 467 1210 529 pro
1245 452 1329 512 certo

141 542 149 553 '
205 546 344 612 habeant
365 548 565 613 Ammianum
588 548 744 614 declinare
767 554 799 614 et
820 549 987 631 coniugare
1009 552 1137 621 nescire.

291 649 335 715 At
357 670 395 716 ex
417 652 517 716 altera
538 655 628 733 parte
660 670 722 716 non
745 655 793 716 est
814 650 906 732 plane
936 653 1169 719 assentiendum
1191 654 1331 718 Hassen-
1368 662 1373 671 '

206 751 318 817 steiuio
348 751 511 835 (syntaxis
534 753 731 832 Ammianea,
762 753 845 819 Diss.
868 754 953 835 Lips.
980 757 1092 837 1877),
1122 756 1175 838 qui
1204 757 1331 820 demon-

207 858 308 920 strare
336 857 444 921 studet
466 855 611 940 syntaxin
632 855 790 920 Ammiani
804 856 901 920 'haud
931 856 977 920 ita
997 857 1089 939 longe
1114 859 1260 922 recedere
1290 857 1331 930 ab

207 974 245 1020 ea
267 958 455 1039 condicione,
480 978 543 1040 qua
564 957 735 1022 utebantur
757 957 866 1038 optimi
888 964 1063 1040 argenteae,
1088 977 1168 1040 quae
1192 964 1329 1038 vocatur,

97 1112 102 1120 .
206 1058 369 1126 latinitatis
397 1062 573 1142 scriptores,
618 1061 700 1126 Nam
722 1061 980 1127 Hassensteinius
1008 1062 1076 1144 ipse
1106 1081 1231 1143 quoque
1253 1081 1332 1126 non-

207 1162 293 1228 nulla
322 1164 426 1244 affert,
454 1183 535 1245 quae
562 1182 634 1228 raro
656 1168 779 1228 tantum
805 1165 890 1246 apud
917 1165 1001 1230 illius
1024 1165 1136 1230 aetatis
1165 1165 1330 1245 scriptores

136 1264 139 1269 ⁴
207 1270 332 1348 reperta
359 1266 541 1348 posterioris
568 1268 695 1348 propria
722 1266 906 1348 saepissime
935 1269 1020 1349 apud
1052 1267 1292 1332 Ammianum
1284 1287 1331 1331 rn-

207 1369 382 1434 veniuntur.
426 1369 487 1450 (cf.
502 1370 647 1435 Bursian.
662 1370 994 1436 Jahresberichtt1877
1012 1370 1053 1436 ΙΙ.
1068 1370 1189 1451 Abtp
1206 1372 1271 1451 91.)

293 1471 368 1537 Post
355 1477 464 1554 tquam
487 1477 553 1537 tter
554 1491 591 1537 us
615 1473 725 1562 operis
741 1473 806 1537 edit
805 1471 938 1552 ionibus,
966 1491 1045 1554 quas
1067 1472 1291 1555 Eyssenhardt
1282 1491 1334 1536 rus
1354 1488 1367 1535 1,

208 1578 240 1638 11
226 1573 364 1639 ttGard
364 1575 522 1640 hausenus
549 1579 604 1656 opt
604 1574 674 1639 imis
700 1575 788 1640 libris
814 1576 1008 1656 manuscript
1008 1575 1036 1639 is
994 1575 1194 1639 tadhibit
1172 1580 1212 1639 trs
1243 1593 1332 1639 cura-

208 1681 335 1755 verunt,
363 1679 547 1742 emendatus
577 1681 638 1760 est,
671 1678 766 1742 etiam
797 1677 972 1742 accuratius
1006 1676 1183 1758 quaesitum
1211 1681 1259 1741 est
1292 1677 1331 1739 de

80 1770 88 1787 '
208 1780 468 1860 generedicendi
489 1780 646 1844 Ammiani
677 1785 709 1844 et
731 1780 770 1844 de
792 1780 830 1844 iis
853 1779 1068 1860 scriptoribus,
1097 1779 1137 1842 ad
1160 1796 1239 1859 quos
1262 1797 1332 1842 ora·
1365 1840 1369 1851 ,

140 1958 150 1977 .
207 1881 326 1946 tionem
348 1901 438 1947 suam
460 1881 623 1962 formavit3
655 1882 772 1947 sedne
795 1881 908 1963 omnia,
933 1899 1014 1962 quae
1037 1899 1075 1945 ea
1097 1881 1136 1945 de
1158 1899 1192 1944 re
1215 1880 1332 1960 scripta

209 1989 294 2065 sunt,
319 1985 460 2065 afferam,
477 2003 683 2050 commemoro
698 1989 822 2050 tantum
836 1983 1065 2049 Hassensteinii
1080 1983 1332 2048 dissertationem

209 2080 517 2169 supra‘indicatam,
552 2088 701 2170 quoniam
729 2106 767 2153 ea
794 2087 920 2169 saepius
955 2087 1133 2152 adhibenda
1164 2085 1240 2150 mihi
1274 2090 1334 2149 est

76 2236 80 2243 -
210 2190 406 2273 Quamquam
435 2195 541 2256 autem
569 2210 632 2256 uon
662 2210 742 2273 nego
765 2190 1038 2264 Hassensteinium
1067 2191 1127 2254 hoc
1152 2189 1240 2254 libro
1254 2189 1332 2253 bene

209 2294 302 2357 merit
303 2313 356 2357 um
380 2312 448 2359 esse
471 2295 510 2359 de
526 2295 739 2374 Ammiano,t
725 2299 831 2359 tamen
853 2293 933 2358 mult
919 2299 987 2358 tum
1010 2294 1153 2374 abest,u
1131 2296 1261 2374 uttsyn
1262 2291 1334 2355 axin

74 2439 78 2446 -
209 2395 374 2474 Ammiani,
399 2415 490 2477 quae,
513 2398 626 2462 utiam
649 2398 721 2477 dixi,
744 2398 845 2462 multa
860 2396 1077 2479 singulariaet
1063 2344 1190 2460 tianius
1206 2394 1334 2476 propria

210 2498 349 2579 praebet,
374 2504 423 2563 sat
423 2499 450 2563 is
410 2499 545 2564 tdist
523 2504 620 2565 rttnce
644 2505 675 2565 et
661 2501 737 2565 tab
761 2501 844 2564 omni
866 2505 956 2581 parte
925 2499 1104 2564 absolu
1090 2504 1122 2563 e
1145 2498 1331 2580 exposuerit.

209 2601 291 2665 Nam
339 2619 592 2681 unamquamque
642 2602 782 2683 syntaxis
825 2605 946 2682 partem
971 2651 975 2661 .
999 2602 1090 2690 quasi
1140 2600 1333 2681 praeteriens

169 2740 176 2756 .
210 2703 324 2785 attigit,
349 2703 483 2768 absolvit
505 2703 633 2780 nullam,
656 2703 702 2766 ita
723 2707 759 2766 ut
781 2720 806 2766 e.
825 2721 854 2783 3.
878 2720 917 2766 ex
931 2719 1044 2783 magno
1065 2701 1333 2782 praepositionum
1358 2722 1364 2733 ·

210 2825 339 2871 numero
362 2806 499 2888 quinque
521 2810 645 2870 tautum
660 2805 796 2870 breviter
811 2805 1012 2870 illustrandas
1028 2804 1163 2885 eligeret,
1187 2803 1335 2883 reliquas,

211 2927 402 2991 quamquam
424 2908 457 2973 in
479 2927 670 2990 unaquaque
693 2912 743 2973 sat
743 2908 771 2973 is
729 2908 907 2988 t,multa
939 2926 1020 2988 quae
1042 2911 1217 2970 memoratu
1240 2906 1335 2987 digna

211 3013 336 3077 videant
322 3017 391 3090 t,ur
427 3012 672 3092 conspiciuntur,
706 3030 746 3076 ne
778 3012 873 3076 verbo
900 3011 1034 3092 quidem
1068 3016 1333 3074 commemoraret

211 3117 324 3198 Itaque
361 3117 400 3180 de
436 3134 497 3181 usu
533 3116 694 3197 praeposit
695 3116 801 3180 ionum
837 3133 930 3197 agere
967 3114 1043 3179 mihi
1079 3114 1228 3196 proposui
1265 3133 1334 3179 eam

161 3268 162 3271 ,
212 3219 365 3284 rationem
399 3224 540 3299 secutus,
574 3219 899 3301 utpraepositionem
922 3219 1019 3299 ,per“
1041 3217 1074 3280 in
1107 3217 1210 3298 priore
1242 3217 1335 3282 huius

212 3322 361 3387 dissertat
313 3322 441 3387 tationis
462 3327 552 3403 parte
574 3323 749 3387 accuratius
771 3321 965 3403 perquiram,
989 3319 1127 3384 omnium
1144 3318 1335 3400 reliquarum

212 3425 372 3507 praeposit
372 3425 479 3491 ionum
506 3425 677 3508 singularia
705 3430 737 3489 et
763 3424 971 3505 posteriorum
999 3422 1183 3504 scriptorum
1209 3423 1339 3504 propria

212 3528 244 3592 in
277 3527 377 3592 altera
409 3533 500 3609 parte
534 3527 671 3593 afferam.
716 3527 798 3592 Nam
830 3546 881 3592 res
914 3527 984 3608 ipsa
1013 3525 1167 3607 postulat,
1202 3545 1241 3590 ne
1274 3546 1337 3591 una

213 3630 385 3711 eademque
415 3629 561 3695 ubertate
594 3634 627 3695 et
657 3630 861 3711 amplitudine
895 3631 934 3694 de
960 3648 1149 3711 unaquaque
1175 3629 1338 3711 praeposi-

212 3733 297 3798 tione
320 3733 502 3803 disseratur.
547 3733 592 3799 Ut
614 3739 720 3799 autem
743 3736 839 3812 „per“
868 3733 1133 3814 praepositionem
1160 3730 1336 3796 accuratius

212 3841 294 3902 ttrac
295 3855 348 3901 are
370 3836 447 3912 mihi
467 3855 691 3919 proponerem,
716 3854 754 3900 ea
775 3835 943 3915 praecipue
966 3854 1060 3901 causa
1080 3835 1235 3900 adductus
1256 3852 1335 3912 sum,

213 3940 298 4021 quod
319 3939 412 4004 huius
435 3940 675 4022 praepositionis
698 3957 774 4003 usus
797 3942 862 4001 tam
891 3937 1031 4002 latet
923 3943 1077 4020 ttet,pa
1107 3936 1254 4002 uTtacit
1240 3940 1338 4014 teum,

214 4061 308 4125 quem
334 4043 469 4108 maxime
495 4042 618 4108 varium
644 4044 748 4106 monst
749 4040 829 4105 ravit
815 4040 1027 4106 tHensellius
1055 4041 1151 4125 (Diss
1174 4038 1334 4119 Marburg.

215 4145 368 4229 1816)11
336 4145 567 4228 etLivianum,
591 4146 630 4210 de
652 4163 714 4226 quo
737 4144 802 4226 egit
788 4143 999 4210 thlschius
1022 4144 1119 4226 (Diss.
1136 4141 1206 4207 Hal.
1228 4142 1366 4223 1880),‚

213 4249 241 4314 si
264 4267 326 4313 non
349 4254 528 4330 superata
509 4253 648 4315 attoere
671 4248 834 4328 adaequet.
