2842 4764
192 200 234 266 56

277 385 479 469 Postponitur
500 388 706 469 praepositio:
729 388 847 466 XXIII,
870 393 906 469 4,
930 392 950 455 4
977 408 1055 471 quos
1077 391 1098 456 1.
1121 389 1219 471 XXV,
1244 393 1272 471 7,
1285 392 1315 455 4.

195 488 325 570 XXVII,
349 493 378 570 9,
403 492 431 555 8.
476 488 622 569 XXVIII,
646 493 675 571 2,
701 491 879 559 1011111.

706 677 810 744 lutra.

282 778 360 844 Cum
383 778 486 845 verbis
509 781 654 845 movendi
677 780 873 863 coniungitur
836 780 1000 861 ur:XlV,
1033 786 1067 857 2,
1094 784 1132 849 18
1155 782 1276 847 reducti
1296 782 1316 847 1.

196 856 327 946 11811111.
363 882 614 963 XX,11,17i
639 883 762 947 moenia
783 883 984 966 repelluntur.
1014 883 1113 965 XXX,
1136 887 1166 964 4,
1193 887 1317 950 1911111

192 984 213 1048 i
232 983 440 1049 cancellorum
455 985 598 1050 venerint
612 991 701 1068 saepi
702 1004 729 1050 a.
747 984 883 1067 XXXI,
908 990 936 1066 7,
961 989 980 1052 8
997 985 1086 1069 plebs
1101 985 1121 1050 i.
1138 990 1318 1068 saeptorum

195 1087 348 1152 ambitum
364 1092 519 1152 contrusa.
555 1086 672 1168 XXXI,
701 1093 747 1167 15,
772 1091 791 1154 8
813 1089 833 1153 i.
850 1107 955 1153 muros
971 1088 1088 1172 suscipi
1110 1107 1143 1154 se
1163 1093 1316 1168 curarent,

194 1187 341 1269 alibique.

278 1290 350 1357 Nou
379 1309 474 1372 saepe
501 1297 673 1372 usurpatur
702 1290 855 1373 significat
841 1293 925 1357 tione
948 1293 1131 1375 temporali:
1164 1294 1265 1373 XVII,
1289 1299 1317 1374 8,

190 1393 414 1459 dimensam
436 1393 580 1474 quintum
603 1395 653 1459 vel
674 1400 805 1460 sextum.
828 1395 946 1476 XXIII,
972 1399 1000 1476 5,
1018 1396 1319 1479 6itipraesutum

194 1496 287 1562 diem.
331 1494 429 1574 XXV,
455 1501 483 1576 9,
508 1497 569 1561 41.
593 1498 741 1562 triduum

278 1598 736 1681 Ρ111111118111111111111111
761 1600 859 1680 XXX,
885 1605 955 1680 81
940 1602 1156 1667 llisortem
1170 1602 1319 1668 humilem

194 1702 416 1772 a'mendandos

704 1787 816 1853 Extra.

258 1922 262 1930 ·
283 1890 385 1956 Semel
419 1910 476 1973 pro
501 1896 664 1974 „praeter‘
688 1891 825 1973 positum
846 1891 979 1973 legitur:
1003 1893 1121 1973 XXIII,
1147 1894 1176 1971 6,
1201 1894 1320 1957 1111

107 1986 115 2001 “
195 1995 280 2076 apud
302 2013 356 2060 eos
379 2014 404 2060 1.
421 1995 543 2078 regales
567 2012 690 2059 mensas
713 1994 791 2059 hora
813 2000 862 2060 est
883 1995 1072 2082 praestituta
1093 1996 1276 2078 prandendi.
1298 1998 1308 2021 ⁸

709 2181 812 2248 Infra.

280 2287 399 2351 Locum
413 2285 530 2350 indicat
548 2285 753 2367 praepositio:
770 2284 888 2365 XXIII,
907 2287 991 2364 6,14
1008 2283 1134 2367 Scythia
1156 2284 1175 2349 i.
1200 2285 1321 2350 Imaum

195 2392 227 2454 et
248 2389 331 2454 ultra
354 2388 489 2453 eundem
510 2393 657 2452 montem.
696 2386 733 2450 ln
758 2387 914 2452 codicibus
936 2386 1051 2469 legitur
1074 2386 1221 2470 „Scythia
1240 2387 1323 2452 ultra

197 2491 332 2556 eundem
355 2495 513 2556 montem‘
536 2490 638 2554 verbis
662 2491 702 2570 „i.
726 2489 784 2555 Im.
807 2495 857 2556 et“
881 2479 1032 2555 omissis.¹
1058 2490 1203 2556 Editores
1226 2490 1323 2574 scrip-

196 2598 305 2657 serunt
325 2592 398 2657 olim
417 2592 581 2657 Gelenium
601 2593 700 2657 secuti
723 2592 872 2675 „Scythia
886 2593 970 2657 ultra
985 2591 1138 2658 Emodem
1153 2598 1321 2674 montem,“

196 2695 224 2760 si
255 2695 381 2776 quidem
409 2695 525 2759 montis
555 2713 668 2759 nomen
696 2696 729 2760 in
759 2695 913 2777 scriptura
947 2696 1087 2761 codicum
1117 2697 1322 2762 desideratur.

198 2795 260 2863 Sed
281 2797 374 2863 lectio
398 2796 519 2863 Gelenii
540 2797 591 2861 vel
616 2793 688 2862 id'eo
719 2802 767 2861 est
788 2796 1009 2878 improbanda,
1034 2798 1117 2878 quod
1141 2797 1323 2864 Ammianus

198 2901 332 2966 eundem
367 2905 504 2964 montem
535 2898 555 2985 §
580 2901 621 2964 64
645 2950 661 2976 ‚,
669 2896 815 2964 Emodon
826 2906 842 2933 “
866 2899 1013 2982 appelat.
1065 2900 1177 2982 ltaque
1208 2900 1324 2967 Gardt-

197 3003 356 3069 hausenus
368 3002 538 3068 Ptolemaei
550 3002 777 3084 provinciarum
794 3003 936 3086 catalogo
952 3003 1093 3068 adhibito
1108 3009 1193 3069 recte
1207 3006 1325 3089 recepit

201 3106 301 3184 „inira
316 3107 438 3171 Imaum
461 3111 513 3170 11“
531 3110 563 3171 11
579 3106 714 3170 servavit
731 3105 914 3185 „eundem,“
932 3106 1016 3187 quod
1038 3111 1087 3170 est
1108 3105 1140 3170 iu
1157 3107 1323 3173 codicibus.

198 3209 250 3289 (ci.
274 3228 340 3274 con.
364 3208 519 3277 Ammian.
536 3227 566 3289 p.
591 3209 656 3289 34.)

283 3311 447 3377 Translate
482 3310 649 3375 adhibetur
681 3310 872 3393 praepositio
894 3309 998 3390 XXX,
1021 3314 1051 3390 4,
1076 3312 1095 3373 2
1119 3311 1244 3392 quodi.
1268 3311 1326 3376 im·

201 3415 319 3503 pericle
342 3415 484 3481 columen
507 3433 672 3479 causarum
694 3418 800 3479 essent
821 3413 971 3478 minutiae
994 3413 1196 3495 privatarum.

283 3518 344 3584 Pr0
368 3517 515 3583 adverbio
537 3521 707 3599 usurpatur
728 3516 797 3597 XV,
820 3519 850 3596 8,
877 3521 914 3584 16
937 3517 957 3581 1.
981 3535 1075 3598 quam
1098 3515 1239 3601 decebat.

705 3688 820 3776 Supra.

283 3795 370 3859 Haec
392 3793 582 3876 praepositio
609 3811 712 3875 neque
742 3793 781 3856 de
810 3797 950 3872 tempore
980 3794 1151 3872 usurpatur
1179 3789 1219 3854 ab
1250 3791 1326 3854 Am-

198 3898 302 3964 miano
324 3916 426 3979 neque
449 3898 488 3961 de
510 3912 647 3975 munere,
672 3896 720 3960 cui
736 3895 806 3976 quis
822 3898 954 3976 praeest.
988 3894 1163 3959 Adhibetur
1184 3892 1326 3975 plurimis

198 4002 274 4068 locis
308 4002 442 4084 tropice:
478 4001 576 4078 „ilber
608 4000 657 4063 ein
693 3999 778 4064 hlass
811 3997 1079 4081 hinausgehend.“
1136 4015 1160 4061 s.
1196 3994 1325 4061 modum

198 4106 283 4186 XIV,
310 4108 395 4185 1,2.
433 4103 501 4184 XV,
525 4108 561 4183 8,
588 4103 636 4167 16.
673 4100 780 4180 XVII,
817 4103 924 4179 5,15.
963 4119 988 4166 s.
1006 4099 1147 4165 homines
1162 4098 1279 4178 XVIII,
1297 4101 1327 4178 4,

202 4213 229 4275 1.
263 4227 288 4274 1.
304 4207 446 4290 plantam
464 4205 612 4284 xxiuss,
632 4210 658 4284 l,
680 4208 726 4270 10.
760 4204 901 4269 samnis
923 4203 1058 4287 speciem
1078 4200 1195 4282 XXIX,
1219 4203 1248 4281 6,
1276 4204 1325 4267 17.
