2842 4764
1239 231 1278 292 15

151 411 239 488 Quae
268 412 362 492 paulo
389 416 511 477 tantum
545 408 735 492 amplificata
767 409 954 492 conspicitur
986 411 1018 475 in
1050 412 1089 477 iis
1119 413 1277 494 exemplis,

151 515 266 596 quibus
289 514 482 597 significatur
503 533 564 578 non
584 519 652 578 tam
674 514 801 578 transiri
823 533 880 596 per
902 515 1038 596 aliquem
1059 515 1162 580 locum
1183 535 1278 597 quam

152 619 285 683 discurri
307 623 362 682 aut
383 618 413 682 in
434 616 644 682 diversisloci
667 616 809 698 partibus
832 600 951 698 ahquid
974 616 1114 697 diffundi,
1136 617 1169 683 id
1193 618 1278 699 quod
1311 622 1320 641 ‘

152 740 208 786 nos
225 720 374 785 dicimus:
394 721 422 783 V
423 720 603 800 erbreitnng
617 706 697 784 iiber
718 719 809 783 einen
823 719 926 784 Raum
948 719 998 784 vel
1012 720 1175 785 innerhalb
1192 721 1277 787 eines

151 823 300 888 Raumes.
816 845 822 855 ·

238 925 336 989 Multo
360 925 460 1008 magis
487 923 607 989 recedit
628 922 828 1004 praepositio·
853 943 872 988 a
894 924 1030 1006 genuina
1055 929 1213 1006 potestate
1239 926 1277 992 iis
1405 991 1407 996 .

153 1029 238 1108 locis,
263 1029 316 1094 ubi
340 1030 423 1094 idem
444 1028 511 1093 fere
534 1027 625 1106 valet,
650 1023 732 1108 quod
755 1027 945 1108 praepositio
972 1027 1004 1092 in
1027 1045 1097 1092 cum
1119 1027 1194 1108 abl,
1218 1029 1280 1095 nisi

150 1133 235 1214 quod
262 1133 431 1214 apponitur
464 1131 617 1194 maiorum
644 1129 707 1195 fere
733 1130 871 1194 locorum
893 1129 1080 1195 nominibus.
1125 1130 1278 1213 Exempla

150 1242 257 1300 autem
284 1235 346 1299 huc
372 1234 538 1300 referenda
569 1233 615 1298 ita
648 1233 801 1312 disposui,
833 1233 1029 1315 utprimum
1057 1235 1210 1300 disseram
1237 1236 1276 1300 de
1366 1277 1370 1284 -

149 1337 253 1401 verbis
281 1341 384 1401 certae
406 1335 639 1418 significationis
662 1335 853 1411 diffundendi
881 1342 914 1401 et
943 1337 1135 1419 porrigendi,
1164 1338 1277 1403 deinde

152 1438 282 1504 afferam
306 1457 359 1503 eos
373 1438 469 1517 locos,
490 1439 545 1503 ubi
560 1437 684 1518 „fama“
705 1457 765 1504 vox
779 1458 849 1505 cum
864 1440 1017 1505 eiusmodi
1032 1442 1134 1506 verbis
1150 1442 1277 1511 coniun:

152 1541 251 1623 gitur,
281 1545 353 1604 tum
380 1541 481 1605 dicam
510 1541 549 1606 de
578 1540 647 1605 aliis
676 1541 777 1606 verbis
809 1560 872 1606 non
902 1537 1008 1608 'certae
1039 1543 1276 1625 significationIs
1326 1620 1329 1625 ,

152 1641 355 1719 diffundendi,
379 1642 511 1725 denique
526 1642 654 1708 afferam
677 1661 714 1708 ea
728 1646 878 1726 exempla,
901 1644 1275 1728 in'quibus'praepositio

151 1745 290 1826 proxime
312 1745 353 1809 ad
375 1745 613 1826 praepositionis
635 1745 669 1810 in
689 1750 880 1828 potestatem
904 1747 1032 1812 accedit.
1070 1747 1116 1812 Ac
1139 1748 1275 1829 primum

236 1844 270 1927 α)
291 1847 424 1929 agitur
445 1849 489 1913 de
510 1848 560 1913 iis
583 1848 786 1930 exemplis,
814 1867 909 1929 quae
937 1848 1174 1915 conformata
1196 1869 1275 1916 cnm

149 1949 279 2014 verbis
303 1954 430 2015 certae
452 1951 762 2041 significationis
791 1951 1039 2016 diffundendi
1067 1951 1125 2015 vel
1151 1954 1275 2032 porri-

149 2053 264 2134 gendi
286 2053 437 2118 denotant
462 2072 529 2118 rem
551 2054 584 2118 in
599 2054 730 2133 dirersis
751 2054 888 2136 regionis
910 2053 1051 2135 partibus
1074 2052 1205 2118 diffundi
1226 2056 1275 2120 vel

102 2235 107 2247 ‚
149 2172 207 2234 per
236 2159 335 2220 totam
366 2156 524 2238 reglonem
543 2140 695 2240 ¹porrigi.¹
741 2156 847 2221 Verba
880 2155 976 2221 affero
1009 2174 1065 2237 per
1097 2156 1288 2223 litterarum‘

150 2257 299 2322 ordinem.
830 2265 840 2289 '

206 2421 209 2429 ,
235 2359 462 2441 bipertitus:
492 2361 612 2442 XXXI,
645 2367 674 2441 2,
701 2366 738 2427 17
761 2361 900 2443 bipertiti
921 2380 950 2442 p.
975 2367 1143 2442 utramque
1166 2363 1273 2428 mundi

149 2463 275 2545 plagam
289 2463 412 2529 Halani.
448 2465 635 2547 „Bipertiti“
651 2464 910 2529 Gardthausenus
921 2463 1128 2545 pulcherrime
1144 2466 1274 2532 coniecit

148 2584 207 2656 pro
229 2560 293 2645 „ibi
314 2568 452 2650 pertIti,“
474 2570 559 2650 quod
582 2568 696 2651 legItur
717 2569 750 2633 in
772 2569 924 2634 Vaticano
948 2569 1062 2634 codice.

233 2667 476 2734 circumfero:
499 2669 601 2750 XXII,
627 2675 677 2750 16,
704 2672 741 2736 19
764 2691 794 2753 p.
817 2671 968 2739 mundum
991 2689 1115 2736 omnem
1137 2671 1273 2737 inveniet

147 2771 340 2843 mathemata
360 2772 453 2839 huius
475 2773 560 2838 modi
582 2774 624 2853 al),
644 2775 787 2857 Aegypto
810 2774 999 2840 circumlata.

233 2874 518 2956 circumfunde,
552 2875 743 2957 diffundo,
779 2877 948 2958 effundo,
984 2877 1110 2943 fundo.
1155 2877 1270 2957 XXIV,

146 2980 176 3055 2,
202 2980 242 3041 19
265 2975 444 3042 circumfusi
464 2996 493 3058 p.
518 2981 620 3042 turres
643 2997 680 3043 ac
700 2980 859 3045 moenium
891 2980 1001 3045 minas.
1054 2979 1174 3059 XXXI,
1198 2983 1227 3058 4,
1252 2983 1271 3046 8

145 3080 329 3146 innumerae
340 3079 480 3162 gentium
491 3080 706 3151 multitudines
722 3101 752 3162 p.
765 3082 938 3164 provincias
950 3081 1163 3148 circumfusae.
1186 3082 1271 3162 XIV,

146 3187 177 3262 2,
193 3185 212 3249 8
228 3182 328 3248 milite
342 3202 372 3264 p.
385 3181 492 3273 omnia
507 3182 619 3251 diffuso
634 3184 820 3266 propinqua.
856 3190 885 3264 8,
899 3174 918 3250 8
940 3185 1030 3266 Syria
1052 3207 1081 3267 p.
1098 3185 1271 3267 speciosam

147 3283 260 3350 diffusa
270 3284 441 3368 planitiem.
454 3285 522 3366 XV,
537 3288 565 3365 7,
578 3291 595 3353 5
607 3287 948 3369 vulgusp.va1iaurbis
963 3287 1104 3353 membra
1113 3286 1268 3352 diffusum.

146 3387 247 3468 XVII,
262 3389 311 3467 13,
324 3391 365 3454 22
377 3407 451 3471 pars
463 3389 563 3455 maior
574 3389 688 3455 diffusa
699 3409 728 3471 p.
742 3391 846 3473 spatia
858 3389 971 3472 ampla.
987 3390 1073 3469 XIX,
1090 3395 1137 3471 11,
1150 3393 1171 3454 4
1183 3409 1266 3455 exer·

147 3489 210 3555 citu
225 3489 337 3555 diduso
352 3510 382 3573 p.
398 3491 500 3557 Histri
510 3490 645 3558 fluminis
657 3493 824 3575 margines.
846 3492 931 3573 XXI,
945 3495 974 3573 8,
988 3496 1007 3559 3
1023 3491 1127 3557 diffusi
1138 3492 1266 3574 praria.

144 3591 264 3673 XXIII,
289 3594 319 3672 6,
344 3597 383 3660 15
406 3612 487 3675 quae
503 3595 657 3679 (Assyria)
680 3614 710 3676 p.
734 3595 866 3678 populos
886 3613 1047 3677 pagosque
1069 3594 1189 3677 amplos
1212 3594 1269 3659 dif-

143 3695 224 3765 fusa.
268 3695 371 3776 XXV,
407 3700 442 3778 1,
473 3702 679 3779 aequitates
706 3717 736 3778 p.
765 3698 889 3780 patulas
915 3698 1010 3763 valles
1037 3697 1101 3762 late
1127 3696 1266 3768 diffusus

145 3803 176 3877 4,
199 3803 240 3865 25
263 3799 384 3865 diffusis
398 3798 435 3881 p.
457 3798 567 3865 nostra
589 3801 762 3867 Germanis.
810 3806 841 3881 7,
871 3805 889 3864 2
917 3800 1064 3866 diffusum
1085 3800 1216 3864 militem
1237 3820 1267 3882 p.

137 3901 320 3983 ,provincias
336 3903 439 3986 colligi
452 3922 553 3986 posse.
592 3903 706 3980 XXVI,
723 3903 752 3982 6,
781 3906 820 3970 18
843 3923 873 3984 p.
890 3892 978 3968 amns
993 3908 1128 3967 tremore
1144 3901 1266 3968 diffuso.

143 4008 174 4084 8,
199 4008 218 4069 6
241 4004 392 4071 militibus
413 4025 444 4088 p.
467 4006 616 4071 orientem
638 4003 768 4074 diffusis.
814 4003 944 4083 XXVII,
977 4006 1007 4083 2,
1043 4002 1213 4069 ldiffnsos
1235 4025 1265 4086 p.

142 4108 231 4173 varia
256 4109 416 4175 barbaros.
466 4108 586 4189 XXXI,
621 4112 658 4189 2,
695 4109 734 4172 16
761 4107 877 4174 Halani
904 4105 1008 4172 diffusi
1036 4124 1067 4186 p.
1097 4106 1267 4189 populosas

142 4215 251 4292 gentes
267 4216 299 4276 et
313 4211 443 4293 amplas,
482 4216 511 4290 7,
530 4216 548 4277 7
562 4231 593 4294 p.
610 4211 734 4276 diversa
752 4227 849 4292 prope
865 4206 993 4272 diffusas
1009 4206 1147 4273 accivere
1162 4214 1266 4274 vasta-
