2842 4764
149 233 190 296 28

148 422 256 497 tatem,
281 435 376 498 quam
395 415 438 481 'ab
455 414 682 498 Acgyptiorum
705 414 920 481 sacerdotibus
943 433 1015 478 eum
1036 413 1181 478 didicisse
1197 411 1277 477 Am·

149 521 271 585 mianus
294 525 368 602 apte
390 518 474 584 dicit.
513 517 699 600 Tantalogia
720 522 834 595 autem,
859 535 941 598 quae
962 515 998 582 fit
1019 516 1122 582 uerbis
1145 533 1205 596 „cx
1226 514 1275 581 his

148 621 287 693 fontibus
305 659 341 670 —
359 621 426 688 uisa
440 622 617 703 Aegypto“,
640 638 703 685 non
724 621 770 685 ita
792 624 840 684 est
861 619 973 700 gravis,
996 617 1182 701 praesertim
1205 635 1276 682 cum

149 725 342 806 Ammianus
366 743 429 806 qua
452 730 500 789 est
521 724 666 790 ubertate
688 728 720 788 et
739 722 945 806 amplitudine
967 722 1129 800 sermonis,
1152 738 1215 784 non
1238 737 1276 784 ex

149 829 267 893 normis
300 833 331 893 et
357 826 472 910 regulis
506 826 697 909 optimorum
731 825 919 907 scriptorum
952 825 994 890 sit
1014 823 1209 889 iudicandus.
1232 859 1276 868 -

148 930 272 1007 XXIII,
302 933 334 1010 6,
359 932 399 995 16
428 929 512 1012 apud
540 946 594 993 eos
624 949 655 1010 p.
682 927 827 993 libidines
856 928 959 992 varias
991 927 1104 991 caritas
1133 925 1277 1008 dispersa

150 1034 307 1116 torpescit.
352 1032 474 1108 XXVI,
506 1033 532 1111 1,
558 1034 573 1095 1
598 1030 772 1096 discurrere
795 1053 825 1114 p.
849 1031 1046 1113 negotiorum
1075 1028 1276 1094 celsitudines

149 1136 299 1201 adsuetae
335 1134 517 1211 (historiae).
563 1132 644 1197 Huic
683 1132 825 1214 exemplo
854 1133 989 1214 adlungo
1016 1150 1067 1211 ea,
1099 1131 1132 1194 in
1162 1130 1275 1213 quibus

148 1239 263 1320 legitur
285 1254 363 1318 „per
384 1235 564 1314 minutiaS,“
589 1236 673 1315 quod
696 1239 744 1299 est
760 1235 967 1299 constrarium
988 1234 1034 1298 illi
1055 1252 1134 1317 „per
1150 1232 1276 1298 celsitu-

149 1341 268 1404 dines.“
312 1338 396 1417 XIV,
422 1340 450 1417 6,
476 1339 517 1402 25
540 1358 571 1420 p.
594 1356 635 1402 m.
659 1338 839 1420 aurigarum
868 1355 1082 1427 equorumque
1105 1335 1276 1418 praecipua

148 1441 198 1507 vel
220 1440 333 1505 deficta
356 1445 539 1504 scrutantes.
577 1439 615 1503 In
631 1440 735 1504 codice
750 1439 901 1505 Vaticano
925 1439 1040 1522 legitur
1051 1460 1103 1520 „p
1120 1438 1276 1517 minuas,“

149 1561 206 1627 pro
229 1561 291 1624 quo
313 1543 399 1606 haud
421 1542 514 1606 dubie
536 1548 621 1627 recte
642 1541 902 1609 Gardthausenus
925 1542 1049 1624 scripsit
1068 1523 1151 1623 ,vfper
1173 1541 1276 1605 minu-

148 1646 240 1710 tias“.
275 1645 388 1726 Itaque
409 1645 566 1709 reicienda
588 1649 669 1724 sunt,
693 1663 774 1726 quac
796 1645 850 1710 alii
872 1646 1084 1710 coniecerunt:
1108 1647 1161 1725 „et
1184 1662 1276 1727 prae-

149 1743 232 1812 niia‘
272 1747 509 1830 (Eyssenhardt.
553 1765 592 1811 ex
629 1746 738 1829 priscis
776 1747 992 1828 editionibus),
1035 1766 1114 1830 „per
1143 1746 1275 1812 ianuas“

150 1849 329 1931 (Kicssling.
374 1844 478 1914 Flcck
511 1849 540 1913 J.
570 1848 591 1913 f.
614 1849 693 1915 Phil.
719 1849 947 1932 1031491),
972 1848 1202 1932 „pertinacius“
1225 1849 1275 1914 111
1298 1837 1299 1841 “

149 1953 375 2036 „perpensius“
404 1952 558 2034 (Mueller.
604 1952 709 2017 Fleck.
745 1953 774 2018 J.
798 1951 819 2017 i.
843 1952 921 2022 Phil.
949 1954 1007 2020 107
1032 1975 1063 2035 p.
1088 1953 1171 2031 341),
1196 1970 1275 2033 „per

148 2057 264 2121 rimas‘
289 2055 514 2137 (Kellerbauer.
558 2055 654 2120 Blatt.
677 2055 698 2120 1.
722 2055 827 2139 bayer.
852 2055 999 2140 Gymnas,
1047 2056 1128 2122 1873
1152 2077 1182 2138 p.
1208 2054 1273 2140 81).

148 2158 267 2239 XXIII,
293 2161 321 2236 6,
346 2159 387 2222 74
409 2177 448 2222 ne
470 2177 544 2223 orae
565 2158 741 2223 maritimae
764 2159 868 2242 spatia
889 2158 1050 2224 adluentia
1061 2157 1198 2222 Persidis
1221 2176 1274 2222 ex·

150 2261 324 2326 tremitates
347 2283 378 2344 p.
394 2280 436 2325 m.
453 2261 703 2331 demonstrantes
724 2261 847 2344 longius
869 2261 1058 2326 aberremus.
1095 2260 1225 2339 XXVII,
1243 2265 1271 2341 2,

151 2367 188 2428 11
215 2381 272 2427 111
292 2354 651 2447 historiamproducere
674 2386 705 2447 p.
733 2383 774 2428 m.
797 2364 950 2445 ignobiles
981 2364 1078 2428 decet.
1123 2362 1272 2443 XXVHI,

149 2466 178 2545 2,
205 2467 242 2529 12
266 2483 305 2529 nc
329 2487 358 2548 p.
382 2485 422 2529 m.
446 2470 536 2547 gesta
558 2466 713 2530 narrando
741 2501 784 2511 -
815 2465 919 2547 operis
941 2464 1111 2547 impediam
1135 2484 1270 2531 cursum.
1300 2518 1306 2529 .

145 2565 183 2630 In
205 2567 324 2649 optimo
348 2566 452 2631 codice
473 2566 585 2632 lacuna
613 2572 714 2632 exstat
741 2573 813 2650 post
836 2568 1044 2647 „narrando,“
1068 2587 1162 2648 quam
1186 2575 1270 2634 certo

146 2668 274 2752 explere
296 2687 358 2733 non
380 2686 561 2752 possumuS,
597 2689 670 2733 nam
696 2670 876 2753 „sacpius,·‘
900 2670 984 2756 quod
1006 2669 1270 2753 Eyssenhardtiua

145 2772 240 2836 inseri
262 2772 337 2852 vult,
361 2791 475 2855 parum
498 2772 675 2837 defenditur
704 2773 818 2837 litteris
847 2773 978 2838 servatis
1000 2794 1039 2839 r.
1058 2825 1064 2839 .
1082 2825 1089 2839 .
1108 2823 1115 2837 .
1133 2826 1139 2839 .
1158 2825 1165 2840 .
1183 2793 1268 2848 enus,
1330 2841 1332 2847 ,

144 2874 259 2955 XXVI,
286 2876 335 2951 10,
356 2878 393 2939 la
410 2875 581 2956 imperator
595 2896 626 2957 p.
640 2874 864 2957 suppliciorum
881 2875 1076 2940 diversitates
1092 2876 1269 2943 effrenatius

145 2977 303 3043 exultavit.
338 2976 469 3057 XXVII,
494 2981 522 3056 6,
549 2982 566 3043 7
589 2982 781 3059 reputantes
806 2978 890 3059 quod
911 2979 989 3043 hacc
1117 2985 1269 3046 111111-

144 3084 212 3145 tum
235 3080 370 3147 transire
392 3079 546 3144 voluimus
570 3103 600 3162 p.
625 3080 846 3145 consolentiam
867 3086 1020 3161 vestram,
1043 3101 1151 3146 uerum
1174 3083 1269 3148 ctiam

145 3182 391 3262 ....XXVIII,
418 3188 444 3262 1,
470 3185 488 3247 7
509 3181 697 3248 Maximmus
720 3188 882 3264 tamquam
897 3184 1118 3249 subterraneus
1141 3205 1267 3268 serpens

144 3307 175 3368 p.
192 3285 360 3350 humiliora
381 3285 543 3366 reptando.
587 3289 614 3363 1,
642 3286 680 3350 15
703 3304 766 3349 111
789 3287 893 3350 omnia
915 3291 1045 3351 narratu
1068 3293 1141 3352 sunt
1163 3289 1266 3371 digna,

145 3407 226 3469 quae
248 3411 279 3472 p.
303 3387 463 3470 squalidas
486 3387 639 3452 transiere
661 3406 821 3470 personas.

292 3634 294 3639 .
383 3576 418 3642 B.
452 3576 504 3642 lle.
521 3576 693 3664 temporali
714 3575 965 3664 praepositionis
987 3575 1029 3641 vi.

229 3695 316 3760 Haec
338 3695 393 3776 vis,
418 3699 573 3777 quomodo
597 3716 634 3762 cx
656 3690 748 3764 locali
770 3698 811 3762 sit
834 3702 916 3777 orta,
950 3696 1040 3762 facile
1061 3696 1265 3779 intellegitur:

143 3803 247 3864 motus
270 3799 353 3862 enim
385 3817 443 3881 per
470 3800 604 3883 aliquem
626 3801 730 3866 locum
752 3799 940 3866 transfertur
962 3801 1002 3865 ad
1025 3805 1149 3883 tempus
1171 3801 1266 3882 idque

143 3900 297 3982 significat
320 3903 458 3985 spatium
490 3905 657 3987 temporis,
692 3905 775 3986 quod
810 3905 890 3969 actio
925 3905 1080 3986 quaedam
1109 3905 1150 3969 ad
1172 3903 1266 3969 finem

142 4004 274 4069 tendens
299 4006 460 4088 percurrit.
506 4007 666 4072 Vertimus
700 4008 879 4088 „wahrend
912 4007 1098 4072 hindurch.“
1143 4007 1265 4077 Iudicat

143 4110 249 4171 autem
272 4109 463 4191 praepositio
486 4129 549 4174 non
570 4129 642 4175 raro
670 4110 703 4175 id
724 4116 866 4192 tempus,
882 4110 965 4176 intra
988 4111 1072 4191 quod
1094 4110 1213 4191 aliquid
1230 4109 1266 4175 fit

142 4208 191 4274 vel
211 4209 244 4273 in
267 4211 351 4291 quod
385 4211 503 4293 aliquid
525 4212 643 4277 incidit.
688 4213 847 4278 Vertimus
870 4213 1084 4294 „innerhalb.“
1128 4214 1265 4278 Additur
1326 4290 1332 4305 ,
