2842 4764
1164 248 1271 353 ⁸37

146 425 179 490 in
212 423 329 490 crimen
361 427 508 489 traxerat.
552 425 684 507 XXVII,
707 429 780 502 26
814 426 903 507 signo
930 450 960 511 p.
996 429 1155 495 bucinas
1188 431 1272 496 dato.

147 525 294 609 Adiungo
306 525 379 591 huic
393 526 534 610 exemplo
546 545 592 607 ea,
608 528 641 592 in
657 527 770 611 quibus
786 528 897 595 eodem
912 531 1006 596 modo
1022 551 1115 615 „per
1129 532 1273 599 111666ιι

146 631 272 716 legitur.
316 628 403 714 XIX,
427 633 456 710 2,
480 633 518 696 12
551 630 639 713 signo
671 653 701 713 p.
734 631 760 696 l.·
788 631 873 697 dato.
918 632 1037 711 XXIII,
1062 637 1156 716 5,15
1184 637 1273 727 signo

146 757 179 820 p.
201 733 223 799 1.
246 733 330 798 dato.
367 731 500 811 XXVII,
524 734 554 817 2,
579 733 598 796 3
620 733 709 815 signo
731 738 859 816 repente
882 756 913 817 p.
937 734 957 800 l.
982 736 1065 801 dato.
1103 735 1220 816 XXXI,
1243 740 1272 817 7,

151 839 193 904 10
224 835 313 918 signo
335 855 366 917 p.
382 834 409 898 l.
433 834 517 900 dato.
561 833 678 916 XXVI,
711 840 741 912 8,
776 840 795 902 8
829 836 999 902 claustrum
1033 860 1063 921 p.
1097 843 1274 905 catenam
1323 828 1325 834 ’

151 939 283 1004 ferream
320 937 367 1001 ori
404 942 516 1020 portus
552 936 713 1003 insertum.
757 937 873 1016 XXIX,
898 942 926 1016 1,
952 943 991 1005 15
1023 958 1086 1005 161
1108 940 1273 1008 abnuimus
1356 928 1361 937 ¹

152 1040 292 1107 Valentis
326 1039 460 1104 salutem
494 1044 526 1104 61
558 1045 631 1104 6116
664 1040 791 1122 saepius
814 1063 844 1124 p.
869 1041 1006 1107 occultas
1028 1043 1218 1109 coitiones
1241 1050 1273 1109 et

144 1151 223 1210 tuno
243 1144 277 1208 in
299 1148 439 1208 extrema
462 1142 646 1208 demersam.
691 1142 807 1221 XXVI,
831 1145 862 1228 2,
885 1146 904 1208 8
928 1166 959 1227 p.
984 1164 1078 1227 quam
1102 1149 1272 1227 (concor-

144 1247 256 1325 diam)
288 1264 340 1311 res
372 1263 498 1328 quoque
530 1245 676 1310 minImae
710 1245 938 1312 convalescunt.
982 1246 1099 1328 XXIX,
1124 1253 1154 1329 5,
1175 1250 1217 1314 43
1239 1271 1270 1332 p.

143 1349 315 1417 secretiora
337 1347 500 1413 66161116
521 1351 741 1413 temeratorem
755 1349 869 1432 quietis
892 1350 1017 1416 iuvisse.
1052 1350 1138 1427 XVI,
1164 1353 1213 1428 12,
1229 1354 1269 1417 21

147 1452 299 1537 quicquid
329 1451 416 1533 apud
440 1467 493 1514 666
516 1470 547 1532 1.
571 1456 731 1533 equestres
747 1451 875 1533 copias
891 1453 1115 1536 praepollebat.
1138 1454 1271 1532 XXVII,

147 1558 198 1634 10,
225 1559 243 1621 5
266 1553 439 1638 parabatur
460 1551 643 1617 lentioribus
667 1552 748 1618 curis
772 1558 803 1618 et
825 1575 856 1636 p.
875 1572 899 1618 6.
923 1554 1128 1622 multiformes
1149 1557 1271 1623 11116-

144 1676 277 1724 mannos
300 1655 464 1737 expeditIo.
508 1654 595 1735 XXI,
621 1659 669 1733 11,
694 1658 712 1719 2
735 1675 770 1720 16
792 1656 913 1739 digesta
935 1680 967 1740 p.
991 1664 1111 1724 6661616
1145 1660 1271 1725 66116-

146 1761 244 1844 quia.
289 1757 407 1835 XXIV,
431 1761 505 1839 2,0
540 1759 653 1841 quibus
677 1780 707 1841 p.
731 1777 756 1823 6.
780 1777 875 1842 66616
908 1761 1081 1843 temptatis.
1126 1760 1212 1839 XXI,
1242 1767 1270 1841 l,

144 1867 167 1930 8
189 1881 272 1947 quae
294 1884 326 1945 p.
348 1860 577 1943 disciplinas
600 1861 702 1926 varias
729 1860 933 1927 adfectamus.
979 1861 1097 1944 XXXI,
1124 1866 1172 1942 10,
1196 1869 1214 1929 2
1238 1887 1269 1948 p.

145 1966 273 2032 fallaces
296 1964 491 2028 discursus
513 1962 628 2028 violato
649 1965 783 2029 1161616.
828 1963 962 2044 XXVII,
984 1968 1014 2040 8,
1038 1967 1057 2029 9
1079 1966 1216 2030 nonnisi
1238 1989 1269 2050 p.

144 2069 260 2135 dolos
282 2066 465 2133 occultiores
499 2070 531 2130 et
563 2066 748 2149 improvisos
783 2084 969 2131 excursus
1003 2068 1146 2149 superari
1167 2086 1268 2143 posse.

146 2171 249 2247 XVII,
276 2171 325 2246 13,
350 2172 390 2235 15
405 2190 436 2251 p.
453 2168 679 2233 elementum
702 2174 870 2252 utrumque
893 2168 1066 2235 Sarmatias
1082 2170 1269 2235 viucentium

144 2275 194 2340 ira
215 2274 378 2355 virtusque
401 2270 523 2336 delevit.
568 2268 654 2350 XIX,
680 2273 729 2347 12,
753 2275 772 2337 9
795 2291 825 2353 p.
849 2270 1014 2354 elogium
1037 2272 1184 2355 principis
1205 2277 1270 2337 tor-

147 2377 237 2462 queri
246 2381 442 2460 praeceptus.
455 2371 556 2449 XXX,
565 2377 596 2451 7,
606 2377 621 2437 1
633 2379 721 2439 actus
733 2375 907 2440 discurrere
918 2394 947 2456 p.
956 2374 1035 2458 6111
1044 2393 1115 2458 ogo
1124 2394 1139 2440 s
1149 2375 1268 2441 breves.

146 2479 251 2557 XXII,
276 2482 326 2559 10,
344 2477 527 2542 3iudicium
548 2477 607 2541 hoc
627 2482 675 2541 est
696 2481 825 2554 rectum,
849 2477 904 2542 ubi
923 2496 953 2558 1.
971 2477 1059 2543 varia
1073 2478 1270 2560 negotiorum

146 2583 317 2649 examina
338 2582 455 2646 iustum
470 2581 502 2646 id
518 2586 566 2646 est
588 2585 620 2645 et
634 2580 795 2645 iniustum.
819 2578 923 2658 XXII,
940 2584 970 2658 0,
987 2583 1006 2646 6
1021 2601 1122 2663 pauca
1141 2582 1270 2664 digessi-

145 2706 216 2753 mus
226 2707 257 2769 p.
268 2703 471 2750 excessum.
497 2683 627 2764 XXVII,
640 2686 701 2768 4,1
718 2703 819 2765 pauca
826 2688 1039 2750 transcurrere
1053 2704 1083 2767 p.
1096 2685 1222 2750 brevem
1240 2705 1268 2753 e.

146 2789 214 2865 XV,
227 2792 255 2870 5,
272 2787 514 2854 ssoircumveniri
528 2786 667 2851 homines
683 2786 802 2852 1166166
817 2786 947 2868 imperio
970 2806 1000 2868 p.
1015 2784 1215 2853 166116166
1238 2794 1269 2854 61

146 2891 376 2958 1616611111116
395 2888 509 2953 debere
524 2889 728 2970 proclamans.
754 2888 820 2968 XV,
845 2891 873 2969 5,
901 2891 938 2954 11
957 2893 1076 2954 retecta
1089 2888 1267 2972 16116616,

146 3016 176 3079 p.
194 3013 290 3077 quam
304 2992 389 3058 salus
409 3010 517 3056 eorum
531 2991 747 3072 adpetebatur.
773 2989 920 3072 XXVIII,
949 2998 974 3067 l,
998 2997 1016 3057 7
1035 3010 1129 3074 quern
1148 2993 1216 3074 ipse
1236 3014 1267 3076 p.

145 3097 272 3163 dolosas
287 3094 307 3160 1.
323 3094 491 3160 iuteremit.
514 3092 600 3167 XIV,
623 3096 652 3174 6,
678 3097 718 3160 17
737 3099 851 3159 natura
871 3114 902 3176 1.
919 3094 1120 3178 primigenios
1143 3096 1268 3161 seminis

147 3199 272 3266 fontes
293 3199 359 3264 vias
389 3196 611 3279 propagandae
638 3197 831 3278 posteritatis
854 3197 1000 3263 ostendit.
1032 3194 1123 3277 XXI,
1150 3200 1267 3277 13,12

145 3303 232 3368 aliud
243 3300 366 3380 accidit,
379 3300 463 3383 quod
474 3320 505 3382 p.
513 3299 883 3366 fortitudInemvobis
899 3299 1071 3383 Ingenitam
1087 3300 1268 3366 adiumenta

146 3405 293 3472 caelestia
308 3402 502 3469 coercebunt.
533 3402 667 3484 XXVII,
686 3406 734 3485 10,
753 3404 792 3469 13
812 3421 892 3485 quos
904 3402 1060 3469 6161611116
1075 3401 1266 3484 adflictabat,

145 3528 176 3591 1.
197 3508 384 3574 fremitus
407 3506 534 3571 territos
549 3511 581 3570 et
596 3505 942 3588 equorumhinuitus
964 3512 995 3571 et
1016 3504 1140 3571 tubas.
1164 3503 1266 3587 XXX,

145 3615 182 3693 4,
207 3612 299 3692 131.
322 3607 508 3692 prostitutas
540 3607 695 3674 frontes
728 3608 868 3691 vilesque
904 3608 1038 3674 latratus
1073 3608 1177 3673 aditus
1208 3607 1267 3674 sibi

145 3713 345 3797 patefaciunt.
382 3709 469 3790 XIX,
494 3715 522 3790 7,
546 3712 565 3773 7
587 3731 617 3794 p.
641 3711 838 3792 scorpionum
859 3710 975 3777 ferreas
996 3709 1133 3775 fundas
1156 3728 1174 3773 e
1195 3729 1268 3792 pro-

144 3815 328 3900 pugnaculis
350 3813 482 3880 subinde
514 3814 641 3879 rotundi
671 3813 791 3896 lapides
824 3814 895 3880 6611.
941 3810 1059 3889 XXXI,
1083 3815 1111 3892 6,
1136 3813 1155 3877 3
1177 3812 1267 3877 multi

144 3917 268 4002 sagittis
290 3922 322 3982 et
342 3917 454 3982 rotatis
476 3936 506 3998 p.
522 3915 543 3980 f.
566 3916 721 3998 lapidibus
743 3915 922 3981 Interibant.
953 3913 1039 3994 XIX,
1064 3917 1093 3995 8,
1117 3917 1136 3981 8
1160 3914 1214 3996 qui
1235 3934 1266 3997 p.

144 4021 269 4087 funem
306 4020 462 4085 coniectus
499 4018 584 4085 sitim
620 4018 760 4088 extinxit,
805 4016 921 4097 XXIV,
946 4019 979 4091 2,
1015 4018 1053 4081 21
1090 4014 1266 4099 praefectus

145 4125 298 4191 demissus
319 4142 351 4204 p.
373 4120 394 4186 I
432 4119 552 4200 XVIII,
575 4125 605 4201 8,
632 4120 892 4203 131166116161.
914 4123 1142 4184 tormentorum
1163 4119 1269 4185 omnia

144 4246 289 4310 genera
310 4225 460 4290 volarent.
506 4221 593 4300 XIX,
617 4225 647 4302 6,
671 4226 689 4289 6
720 4243 750 4306 p.
774 4224 861 4289 varia
883 4222 1087 4289 certaminum
1110 4243 1138 4306 g.
1161 4221 1268 4289 defen·
