2842 4764
203 175 244 242 58

203 376 331 443 triclinii
358 382 408 442 rat
394 376 528 442 t.ionalis
574 376 625 444 Sic
646 377 679 442 in
703 376 868 443 codicibus.
915 377 976 443 Sed
1006 381 1083 460 puto
1114 395 1183 443 cum
1203 375 1330 442 Valesio

207 485 266 558 „“a
290 497 360 544 esse
382 479 599 545 mutandum
590 500 647 558 ιι,
648 486 729 560 „“ex
745 498 820 544 nam
840 479 926 545 nullo
949 479 1010 576 alio
1033 479 1176 562 exemplo
1191 496 1331 562 compro-

203 582 261 647 bat
247 588 330 659 t,ur
332 580 403 659 ,“ab
425 583 472 648 ita
492 601 590 665 pro„
594 589 651 647 err‘
676 601 745 648 esse
767 582 889 648 adhibit
875 588 954 647 t.um

290 683 362 749 Non
377 690 509 767 usurpat
509 705 547 750 ur
561 685 752 767 praepositio
774 703 831 768 pro
847 685 943 752 ablat
920 690 984 752 tivo
1007 702 1121 751 causae
1134 644 1186 750 vel
1198 701 1256 766 pro
1271 682 1332 749 alia
1392 765 1398 784 1

204 786 363 869 praeposit
363 786 434 851 ione
467 805 594 854 causam
615 788 781 853 indicante.
826 788 864 853 In
893 788 1049 855 nonnullis
1078 787 1162 853 enim
1185 785 1330 868 exemplis

204 889 292 973 origo
314 890 418 972 potius
441 909 535 973 quam
557 909 652 956 causa
673 891 810 956 indicata
830 890 962 957 videtur.
1006 890 1097 972 XVI,
1123 893 1177 970 12,
1201 889 1243 955 37
1265 907 1332 954 cae·

203 993 330 1075 lumque
345 993 485 1058 exultt
416 999 485 1058 tant
486 994 551 1058 ium
566 993 805 1075 cadentiumque
826 995 995 1060 resonabat
981 998 1037 1060 a
1050 992 1178 1059 vocibus
1200 990 1330 1074 magnis.

203 1094 273 1176 XX,
299 1096 347 1176 11,
372 1099 413 1163 30
436 1114 455 1160 ι
477 1096 556 1162 sudo
579 1115 651 1161 aere
673 1095 803 1161 nubium
824 1097 982 1163 concitans
1004 1096 1124 1179 globos.
1161 1094 1265 1175 XXII,
1283 1097 1331 1173 15,

207 1200 246 1263 12
262 1217 282 1263 ι
296 1197 469 1279 triquetrae
491 1198 614 1263 litterae
635 1197 735 1262 forma
756 1198 816 1263 hoc
829 1198 981 1264 uocabulo
996 1198 1149 1280 signatius
1165 1197 1330 1279 appellata.

130 1309 136 1320 ·
204 1300 318 1381 XXIV,
344 1306 379 1382 6,
403 1305 423 1366 4
455 1320 474 1366 a
495 1300 621 1366 fortuna
655 1319 783 1383 sperans
800 1302 944 1367 nondum
970 1299 1085 1366 afflicta
1106 1301 1180 1366 h.e.
1202 1304 1333 1383 aparte

205 1402 358 1468 fortunae.
405 1402 521 1485 (Hand.
545 1403 569 1484 I,
595 1406 657 1482 52.)

292 1506 341 1570 Ex
363 1490 532 1587 adiectivis,
556 1525 575 1571 a
598 1507 711 1588 quibus
728 1513 787 1584 „a“
804 1507 929 1589 pendet,
953 1506 1168 1573 memorabilia
1188 1505 1333 1571 videntur

205 1609 298 1674 haec:
320 1608 504 1673 immunis
527 1607 572 1672 ab
594 1608 678 1689 XIV,
714 1616 746 1689 5,
778 1611 798 1672 7
821 1609 860 1674 ob
883 1610 968 1674 omni
990 1610 1081 1693 culpa
1103 1609 1123 1674 i.
1167 1608 1236 1690 XV,
1262 1611 1289 1689 1,
1313 1611 1331 1675 3

206 1712 225 1776 i.
251 1711 291 1776 ab
321 1712 404 1776 omni
436 1710 637 1776 mortalitatis
666 1712 873 1777 incommodo.
918 1712 1083 1779 ablativus
1111 1712 1196 1779 solus
1218 1711 1333 1793 legitur

205 1814 319 1896 XXIV,
344 1815 373 1895 6,
401 1815 437 1878 11
462 1813 648 1896 sagittarum
681 1813 827 1895 periculis
858 1814 946 1878 miles
969 1820 1037 1881 erat
1068 1815 1088 1879 i.
1111 1832 1263 1881 vacuus
1285 1813 1332 1878 ab

206 1916 340 1998 XXVI,
365 1917 393 1997 3,
417 1917 437 1982 5
457 1915 487 1983 v.
511 1917 552 1981 ab
576 1916 660 1981 omni
683 1915 804 1981 delicto,

293 2017 395 2100 Saepe
418 2020 590 2084 conectitur
612 2018 803 2100 praepositio
827 2037 896 2084 cum
920 2020 1080 2085 adiectivis
1106 2025 1139 2084 et
1160 2017 1331 2102 participiis

207 2121 313 2187 neutri
336 2121 458 2203 generis
481 2121 747 2187 substantivorum
762 2121 865 2185 locum
882 2121 1076 2187 tenentibus:
1100 2120 1140 2186 ab
1162 2121 1224 2185 imo
1246 2118 1331 2200 XIV,

209 2225 258 2305 11,
282 2228 333 2290 26.
369 2223 471 2304 XXII,
497 2226 545 2303 15,
569 2225 620 2291 28.
667 2242 781 2288 avero
803 2223 871 2306 XV,
896 2225 927 2311 5,
950 2228 980 2290 4.
1024 2223 1127 2305 XXII,
1151 2228 1180 2304 9,
1206 2227 1235 2289 9.
1283 2226 1331 2304 10,

208 2331 237 2393 2.
270 2345 289 2391 ι
325 2326 480 2391 contrario
513 2325 622 2406 XXII,
658 2329 693 2404 8,
729 2326 779 2393 33.
824 2346 844 2391 a
873 2327 1033 2409 proposito
1070 2326 1184 2407 XXII,
1221 2328 1277 2407 10,
1301 2329 1331 2391 5.

207 2428 328 2507 ΧΧΙΠ,
353 2432 381 2507 6,
408 2432 457 2494 14.

741 2530 797 2595 ile.

293 2630 425 2695 Duobus
440 2631 515 2695 locis
530 2630 645 2712 legitur
661 2631 740 2708 ‚,de“
754 2630 979 2713 significatione
993 2632 1233 2713 instrumentali‚
1250 2651 1332 2716 quae

208 2733 417 2816 posteriorum
440 2731 627 2813 scriptorum
650 2739 698 2797 est
719 2735 855 2815 propria.
899 2733 1014 2816 XXIX,
1039 2739 1072 2816 3,
1096 2738 1115 2801 8
1137 2739 1332 2818 protectores

210 2837 249 2901 de
281 2835 418 2901 fustibus
454 2834 545 2899 caesi.
591 2833 710 2915 XXXI,
735 2838 771 2915 5,
810 2838 848 2900 12
883 2836 958 2918 quid
987 2841 1127 2919 potestas
1150 2838 1267 2906 Martia
1294 2839 1333 2904 de

208 2940 320 3005 habitu
342 2937 527 3020 prudentiae
548 2937 652 3002 valeat
675 2975 714 2983 —
740 2937 883 3004 didicere.
929 2938 1046 3024 (Hand.
1069 2940 1111 3020 II,
1135 2941 1222 3024 220.)

743 3124 801 3190 lix.

298 3244 442 3311 Causalis
465 3245 625 3326 praeposit
611 3246 705 3310 tionis
728 3246 775 3310 vis
795 3264 832 3311 ex
846 3246 1009 3328 permultis
1025 3252 1095 3311 sent
1096 3251 1148 3312 ent
1135 3248 1187 3313 tiis
1203 3265 1334 3330 cognos-

214 3349 256 3414 cit
256 3328 304 3413 ur.
343 3346 454 3424 Cum,
455 3354 580 3424 ,“causa
605 3348 674 3428 ipsa
696 3347 890 3412 coniuncta
881 3347 998 3412 invenit
999 3367 1037 3412 ur
985 3347 1112 3413 this
1134 3348 1227 3415 locis:
1248 3348 1334 3430 XIV,

211 3448 1335 3533 6,11013XV109XIX62XX11611

210 3552 314 3633 XXII,
342 3553 391 3634 13
415 3553 443 3617 3.

296 3656 369 3721 Non
391 3657 494 3721 minus
514 3654 662 3737 frequens
685 3662 734 3722 est
720 3656 888 3722 tmodalis
907 3674 992 3722 usus.
1027 3656 1244 3723 Commemoro
1266 3663 1337 3724 tan·

209 3765 294 3824 tum:
323 3778 340 3823 e
366 3777 401 3823 re
428 3758 566 3839 XXVII,
592 3762 647 3838 12,
673 3760 722 3825 18.
768 3777 785 3823 e
815 3778 849 3825 re
875 3758 1000 3840 publica
1021 3759 1140 3840 XXVI,
1166 3763 1200 3840 1,
1223 3762 1253 3825 5.
1298 3779 1337 3826 ex

210 3881 270 3928 usu
291 3861 407 3942 XXIV,
429 3867 458 3942 4,
483 3864 533 3928 23.

298 3963 398 4046 Saepe
432 3963 631 4046 coniungitur
664 3972 740 4041 ‚,ex“
766 3982 836 4028 cum
869 3965 989 4030 neutris
1022 3965 1246 4031 adiectivorum
1278 3984 1336 4048 pro

212 4067 383 4133 adverbiis:
408 4085 445 4132 ex
467 4072 559 4149 pacto
581 4065 665 4146 XIV,
690 4070 724 4144 4,
747 4070 777 4131 4.
802 4085 840 4130 ex
862 4066 1031 4149 improviso
1053 4067 1137 4150 XIV,
1164 4069 1221 4149 10,
1246 4071 1274 4134 t.
1298 4085 1337 4133 ex

214 4169 353 4236 confesso
375 4170 443 4251 XV,
468 4175 501 4251 2,
528 4174 577 4238 10.
624 4171 726 4248 5,11.
761 4169 854 4251 XXI,
881 4177 915 4252 1,
939 4174 968 4237 3.
1008 4191 1046 4236 ex
1068 4190 1168 4254 aequo
1190 4170 1337 4253 bonoque
