2842 4764
1224 217 1266 280 45

229 406 261 488 β)
284 403 331 467 de
347 401 498 467 neutris
514 401 792 468 adiectivorum
815 407 851 467 et
873 404 1147 484 pronominum,
1171 421 1267 485 quae

143 523 225 570 cum
256 512 381 585 „per“
413 504 568 572 causali
599 505 810 570 coniuncta
841 504 1029 587 leguntur.
1109 562 1110 565 ,

231 606 313 683 „Per
338 607 416 683 hoc‘
451 612 483 672 et
512 626 588 689 „per
613 608 710 673 haec“
745 626 801 688 pro
837 612 1042 689 .,propterea“
1076 608 1161 672 haud
1195 626 1267 672 raro

141 709 344 774 inveniuntur
373 711 455 791 apud
487 711 668 791 posterioris
702 710 815 775 aetatis
851 710 1045 791 scriptores„
1068 710 1158 790 Apud
1192 711 1268 774 Arn-

142 812 283 878 mianum
317 817 422 877 autem
454 832 551 878 unum
576 812 678 878 locum
705 813 820 895 reperi,
855 812 909 877 ubi
933 831 1009 894 „per
1034 813 1112 877 h0c“
1136 811 1168 876 in
1186 812 1268 877 hanc

143 915 332 981 sententiam
348 915 445 999 accipi
460 920 574 998 petest.
597 915 682 996 XIV,
701 921 728 996 5,
742 918 761 983 8
777 937 807 998 p.
823 916 896 980 hoc
911 916 1007 980 minui
1023 915 1161 981 studium
1177 933 1268 979 suum

143 1018 325 1084 existimans
347 1018 471 1084 Paulus.
517 1018 596 1084 Cum
619 1019 770 1084 adiectivo
797 1019 1025 1100 coniungitur,
1026 1036 1101 1099 per
1111 1025 1127 1052 “
1152 1017 1277 1106 XXIV,

146 1123 179 1202 5
203 1120 223 1186 3
255 1121 392 1185 exercitu
421 1121 557 1202 omnip.
582 1140 734 1203 aquarum
763 1127 794 1187 et
815 1121 922 1204 pabuli
945 1126 1147 1203 oportuna
1173 1120 1268 1184 biduo

143 1228 296 1289 recreato.
341 1222 445 1288 Semel
472 1224 640 1306 apponitur
668 1225 847 1306 participio:
882 1223 1004 1304 XXXI,
1029 1227 1103 1304 3,
1132 1241 1186 1306 reg
1189 1223 1215 1287 is
1238 1242 1268 1304 p.

144 1325 246 1391 multa
266 1327 415 1408 variaque
439 1326 526 1392 fortit
513 1332 561 1392 ter
582 1326 660 1392 fact
646 1333 686 1392 ta
707 1328 815 1393 vicinis
838 1327 1017 1392 nationibus
1038 1325 1205 1391 formidati.

615 1787 741 1869 Caput
762 1786 803 1851 Π.
983 1732 984 1736 ¹
1055 1822 1059 1830 ·

398 1926 441 1994 lla
464 1925 575 1995 verbis
600 1943 672 1995 cum
697 1922 800 2011 ‚‚per“
825 1926 1030 2011 composifis.

234 2061 282 2125 Ex
311 2061 414 2126 verbis
442 2080 511 2126 cum
544 2068 639 2142 „per“
670 2061 901 2142 praepositione
934 2060 1112 2141 compositis
1145 2058 1273 2124 afferam

149 2169 274 2229 tanturn
303 2164 399 2229 verba
421 2164 531 2244 eundi,
563 2182 644 2246 quae
665 2181 722 2244 pro
745 2163 916 2228 transitivis
944 2162 1150 2245 accipiuntur,
1181 2166 1213 2226 et
1235 2181 1273 2227 ea

149 2266 254 2347 verba,
278 2285 359 2349 quae
382 2267 465 2347 apud
487 2266 688 2331 Ammianum
710 2265 846 2346 primum
867 2265 1023 2348 leguntur.

232 2370 338 2435 Antea
368 2375 473 2434 autem
498 2369 607 2451 paucis
638 2368 714 2433 mihi
741 2368 958 2434 disserendum
987 2374 1035 2434 est
1064 2369 1103 2432 de
1124 2368 1160 2433 vi.
1178 2373 1274 2448 atque

151 2471 376 2553 significatione
411 2471 591 2537 huiusmodi
628 2470 859 2536 vocabulorum.
917 2469 955 2534 In
998 2469 1274 2553 compositionibus

152 2574 233 2638 enirn
255 2574 409 2656 particula
431 2581 527 2655 ‚,per“
551 2577 722 2655 usurpatur
747 2573 787 2637 ad
810 2575 987 2655 augendam
1008 2575 1072 2640 vim
1093 2574 1180 2639 verbi
1202 2573 1276 2638 sirn-

151 2676 253 2758 plicis:
277 2695 358 2759 quae
380 2677 460 2741 ratio
483 2678 514 2741 in
529 2676 632 2742 verbis
648 2681 767 2741 motum
782 2677 993 2743 indicantibus
1008 2678 1054 2742 ita
1069 2677 1274 2760 cognoscitur,

152 2783 272 2845 utnon
295 2780 395 2845 solum
417 2781 502 2845 notio
525 2780 619 2844 eundi
641 2778 844 2862 significetur,
869 2782 924 2846 sed
946 2781 1139 2863 exprimatur
1160 2779 1199 2844 iri
1219 2797 1277 2860 per

151 2883 287 2965 aliquem
310 2883 422 2948 locum.
468 2882 617 2948 Similiter
638 2901 688 2948 res
711 2902 745 2948 se
766 2884 872 2964 habet,
901 2884 926 2949 si
951 2890 1046 2965 „per‘
1070 2882 1277 2964 compositum

154 3005 223 3051 cum
245 2985 314 3050 aliis
336 2985 493 3051 vocabulis
516 2987 557 3050 ad
573 3005 678 3050 rerum
694 2986 878 3068 qualitatem
898 2985 1098 3052 transfertur:
1122 2984 1278 3049 indicatur

154 3089 237 3153 enirn
267 3088 396 3154 alicuius
427 3090 474 3153 rei
499 3089 617 3171 gradus
645 3089 746 3153 maior
771 3089 821 3154 vel
847 3090 1019 3168 maximus,
1053 3089 1099 3153 ita
1125 3092 1161 3152 ut
1183 3086 1278 3169 signi-

154 3191 264 3257 ficetur
305 3191 443 3257 condicio
483 3211 589 3256 rerum
634 3179 723 3274 quasi
759 3191 978 3274 penetrabilis,
1016 3191 1173 3270 universa,
1210 3192 1280 3253 tota

155 3295 273 3378 (Hand.
289 3295 343 3375 IV,
363 3294 450 3380 448)
473 3295 664 3361 Huiusmodi
684 3295 834 3360 verbam
857 3313 1000 3361 sermone
1021 3293 1166 3358 familiari
1187 3291 1279 3356 vehe-
1393 3342 1399 3355 .

155 3403 277 3463 menter
304 3399 451 3463 adamata
482 3398 675 3479 fuerunt,e
675 3402 801 3464 trecte
829 3398 951 3463 monuit
938 3394 1155 3462 thlfflinus
1186 3392 1278 3478 (Phil.

155 3499 290 3564 XXXIV
311 3518 342 3580 p
367 3500 452 3581 164).
487 3499 668 3564 Ciceronem
695 3499 772 3564 talia
793 3499 966 3580 composita
990 3497 1143 3579 imprimis
1176 3495 1278 3560 adiec-

154 3603 219 3668 tiva
240 3602 374 3667 maxime
388 3603 420 3666 in
436 3603 517 3684 epist
503 3602 577 3667 tulis
592 3602 716 3684 saepius
732 3602 913 3667 adhibuisse
927 3619 1069 3683 novaque
1084 3598 1278 3664 conformare

155 3726 216 3772 non
238 3706 318 3770 verit
319 3724 372 3770 um
394 3724 471 3771 esse.
510 3704 567 3787 (Cf
526 3704 710 3773 C..Sohulz
727 3705 766 3770 de
781 3703 839 3781 Qu.
855 3703 974 3768 Aurelii
989 3702 1166 3787 Symmachi
1187 3719 1279 3766 voca·

155 3808 300 3874 bulorum
326 3797 563 3874 formationibus
593 3809 634 3874 ad
657 3825 832 3873 sennonem
854 3807 1015 3890 vulgarem
1040 3807 1197 3889 pertinent
1183 3805 1277 3871 tibus.

156 3912 238 3977 Diss
262 3911 333 3977 Hal.
361 3913 456 3991 1884,
479 3931 510 3993 p.
534 3910 739 3996 non-203.)
783 3910 881 3976 Porro
914 3914 986 3975 cont
972 3910 1074 3974 tendit
1104 3907 1280 3974 Wblfflinus

156 4014 233 4080 haec
256 4014 427 4096 composita
448 4014 615 4097 praecipue
637 4013 758 4096 vulgari
780 4013 914 4079 sermoni
941 4012 1054 4094 prioris
1075 4012 1188 4077 aetatis
1211 4028 1281 4076 esse

157 4117 367 4182 attribuenda.
422 4116 580 4197 Profecto,
619 4116 675 4181 sed
708 4117 805 4182 etiam
837 4116 921 4199 apud
953 4114 1135 4196 posterioris
1168 4113 1281 4179 aetatis

159 4221 325 4303 scriptores
350 4219 507 4301 permulta
527 4219 709 4285 huiusmodi
735 4219 832 4285 verba
853 4237 934 4284 nova
955 4217 1170 4300 reperiuntur,
1201 4235 1282 4300 quae
