2842 4764
1230 281 1272 345 39

144 426 294 529 serentes.
338 461 424 540 XXI,
450 468 479 543 5,
506 454 544 528 13
577 482 608 544 p.
632 468 823 529 tesseram
859 466 961 530 edicto
993 465 1114 530 itinere.
1158 465 1272 547 XXXI,

147 567 195 676 11,
220 567 239 628 2
262 565 374 631 itinere
396 566 498 631 edicto
521 586 551 648 p.
567 571 590 630 t.
628 565 699 644 XX,
723 569 751 645 6,
776 570 794 632 3
818 567 907 649 signo
929 587 959 649 p.
975 566 1154 633 flammeum
1170 574 1274 634 erecto

142 667 299 734 vetillum.
343 667 473 749 XXVII,
496 670 571 749 4,8
605 668 815 736 Macedonicis
847 669 988 757 iupgitur
1023 670 1205 737 conlimitiIs
1241 691 1271 753 p.

144 776 232 836 artas
255 771 504 856 praecipitesque
525 771 617 838 vias.
653 771 770 853 XXIX,
795 775 824 853 5,
847 776 889 838 45
904 792 933 854 p.
950 772 1066 838 multas
1087 774 1273 854 prudentes·
1327 820 1330 825 -

142 893 207 957 que
230 876 455 941 sententiarum
478 895 506 939 v.
530 876 665 940 eundem
687 875 747 941 sibi
768 876 859 957 prodi
880 894 973 959 posse
996 876 1154 959 sperabat.
1187 876 1271 958 XVI,
1390 872 1392 876 ’

143 977 240 1057 5,14
273 997 303 1059 p.
338 996 417 1059 quas
451 976 669 1060 (victorias)
693 978 839 1044 cadentes
868 997 963 1060 saepe
990 978 1137 1043 incolumi
1165 983 1272 1043 contu-

142 1079 247 1144 macia
269 1078 420 1144 barbaros
441 1078 532 1143 fudit.
571 1076 692 1162 Sequor
706 1080 856 1162 Wagneri
878 1080 1182 1169 interpretationem:
1207 1079 1271 1162 qui,

143 1179 300 1265 (barbari)
324 1200 516 1264 quamquam
539 1181 666 1264 saepius
682 1182 803 1263 devicti,
827 1182 904 1247 nihil
926 1187 1035 1248 tamen
1058 1201 1078 1247 a
1100 1182 1273 1264 pertinacia

141 1283 348 1368 remiserunt3
390 1301 494 1371 ,quare
526 1302 606 1364 opus
642 1302 704 1347 non
741 1289 790 1349 est
826 1285 1002 1350 coniectura
1039 1284 1271 1350 Gardthauseni

119 1389 347 1471 ·‚‚vastantest‘
360 1405 418 1468 pro
436 1386 623 1466 „cadentest‘
651 1382 752 1466 XVII,
776 1390 805 1467 4,
831 1392 867 1452 11
887 1410 917 1470 p.
934 1388 1126 1455 vulturem
1140 1392 1272 1452 naturae

142 1487 334 1553 vocabulum
356 1489 499 1570 pandunt
524 1524 559 1534 -
586 1510 616 1570 p.
640 1489 811 1570 speciem
834 1489 903 1571 apis
925 1491 1065 1555 indicant
1086 1508 1200 1572 regem.

231 1591 265 1675 2)
299 1591 462 1672 Perpauca
484 1597 606 1655 tantum
639 1592 781 1672 exempla
807 1593 925 1675 reperi,
956 1593 1125 1675 inquibus
1152 1610 1272 1674 prae-

141 1693 291 1776 positio
313 1694 371 1758 110
386 1712 464 1764 cum
480 1694 760 1758 adiectivorum
782 1700 818 1760 01
838 1696 1102 1777 pronominum
1124 1694 1270 1760 neutris

143 1796 350 1883 coniuncta
380 1801 450 1860 est.
496 1795 629 1860 Omnino
659 1797 848 1862 monendum
882 1803 931 1863 est
956 1797 1157 1862 Ammianum
1190 1798 1271 1860 hanc

143 1898 407 1981 praepositionem
429 1898 521 1963 locali
544 1899 670 1980 quidem
686 1884 779 1964 sensu
794 1900 976 1981 saepissime
992 1899 1179 1980 coniungere
1201 1917 1270 1962 cum

106 2016 114 2032 ·
144 2002 305 2067 adiectivis
327 2002 450 2084 generis
473 2002 586 2081 neutri,
610 2002 762 2066 translato
784 2021 921 2083 perraro.
1304 2056 1306 2061 ,

229 2104 314 2184 XIV,
345 2107 363 2169 7
374 2154 381 2184 ,
410 2106 447 2170 14
480 2104 619 2169 Montius
652 2124 681 2186 p.
701 2104 824 2184 11000,
859 2123 941 2185 quae
974 2104 1101 2185 strepit,
1136 2103 1267 2168 incusat.

140 2200 230 2288 XXI,
255 2212 305 2286 13,
320 2211 368 2272 ·ll
393 2207 446 2289 qni
463 2226 533 2272 oum
556 2227 575 2271 a
596 2207 716 2274 iustitia
730 2227 760 2289 p.
778 2206 899 2271 multa
920 2206 989 2272 visu
1020 2205 1184 2286 relatuque
1206 2224 1270 2271 ne-

144 2309 253 2376 larIa
283 2310 456 2375 defecisset.
502 2308 669 2400 XXX,4‚
696 2314 734 2376 13
766 2311 847 2375 inter
877 2308 1101 2375 sollicitudines
1131 2309 1269 2373 iudicum

145 2433 175 2496 p.
197 2413 316 2478 multa
339 2413 501 2477 distentas.

232 2515 362 2580 Praeter
384 2513 526 2596 exempla
547 2514 649 2578 adhuc
671 2520 862 2593 enumerata,
890 2534 927 2581 ex
950 2515 1064 2597 quibus
1085 2513 1176 2579 facile
1198 2532 1269 2597 cog-

147 2618 296 2697 noscitur,
321 2635 415 2697 quam
437 2615 500 2680 late
521 2615 769 2681 instrumentalis
791 2617 1032 2700 praepositionis
1054 2636 1130 2683 usus
1149 2620 1269 2698 pateat,

149 2720 323 2801 complures
347 2719 441 2783 etiam
463 2718 523 2783 loci
544 2718 751 2800 reperiuntur,

232 2822 267 2908 γ)
297 2822 439 2904 quibus
461 2841 673 2903 pronomen
694 2823 903 2903 personale
927 2831 1018 2900 ,,00“
1043 2841 1128 2888 cum
1152 2828 1268 2904 „per“

149 2926 389 2991 coniunctum
411 2924 566 3006 legitur.

235 3028 315 3106 „Per
337 3035 401 3106 se,“
426 3027 475 3090 cui
498 3045 592 3108 saepe
615 3027 710 3092 etiam
733 3027 840 3109 „ipse“
865 3028 1008 3108 additur,
1039 3025 1194 3110 significat
1215 3030 1272 3089 aut

149 3132 286 3213 aliquam
301 3149 374 3223 ¹rem
397 3130 448 3210 agi
472 3130 538 3195 sine
562 3148 621 3211 ope
642 3135 673 3194 et
688 3131 816 3197 consilio
831 3131 971 3211 alicmus,
994 3130 1079 3212 quod
1093 3128 1272 3211 germanice

149 3234 277 3299 dicitur:
309 3233 405 3298 durch
429 3232 495 3297 sich
518 3232 630 3312 selbst,
658 3239 714 3298 aut
734 3234 853 3299 inditat
873 3253 939 3300 rem
963 3235 1062 3300 solam
1083 3233 1153 3298 aliis
1175 3231 1270 3297 rebus
1303 3278 1309 3293 .

148 3356 211 3403 non
232 3336 365 3411 additis3
393 3355 450 3400 nos
473 3336 619 3401 dicimus:
650 3355 690 3400 an
718 3336 793 3402 sich.
828 3336 946 3422 (Hand.
980 3337 1034 3417 IV,
1057 3337 1143 3414 441).
1167 3335 1270 3400 Huius

148 3439 234 3506 modi
256 3438 397 3519 exempla
412 3438 495 3519 apud
512 3456 620 3502 omnes
635 3439 802 3520 scriptores
820 3439 981 3522 leguntur3
1003 3438 1269 3522 praemonendum

149 3547 254 3608 autem
276 3546 325 3606 001
346 3539 489 3623 exempla
512 3541 640 3605 alterius
656 3543 789 3623 generis,
812 3561 874 3624 quo
899 3563 973 3626 „per
995 3551 1048 3608 se“
1072 3540 1207 3607 refertur
1228 3541 1270 3605 ad

148 3664 199 3711 res
221 3644 313 3723 solas,
338 3643 421 3725 apud
444 3643 644 3708 Ammianum
666 3663 728 3708 non
751 3649 882 3710 exstare.

234 3746 326 3823 XVI,
352 3750 406 3824 10,
429 3748 448 3811 2
476 3764 532 3811 nec
554 3746 636 3810 enim
658 3751 784 3827 gentem
804 3746 903 3813 ullam
924 3748 1007 3813 bella
1028 3749 1160 3813 cientem
1182 3766 1212 3829 p.
1236 3762 1270 3809 se

149 3849 317 3933 superavit.
354 3851 436 3928 10,3
458 3849 605 3931 ignorans
621 3849 716 3913 alium
732 3848 857 3914 hostilia
879 3854 982 3916 castra
1002 3870 1032 3932 p.
1049 3853 1148 3916 semet
1166 3849 1269 3929 ipsum

149 3953 336 4036 explorasse.
353 3951 453 4030 XXV,
463 3952 493 4031 4,
507 3955 525 4017 5
538 3951 720 4033 explorabat
734 3972 764 4035 p.
775 3957 877 4017 semet
887 3953 989 4034 ipsum
998 3953 1175 4034 vigiliarum
1185 3951 1269 4015 vices

149 4064 180 4123 et
191 4055 370 4122 stationum.
396 4053 498 4134 XXX,
517 4059 544 4134 7,
559 4059 577 4118 l
589 4072 670 4135 quae
685 4074 715 4136 p.
729 4074 763 4119 se
774 4055 823 4120 vel
836 4056 930 4121 duces
942 4055 1075 4120 correxit
1085 4055 1268 4121 industrior.

149 4163 177 4241 8,
203 4163 221 4225 5
244 4162 281 4222 ut
304 4157 358 4238 qui
372 4156 455 4222 bella
477 4158 626 4222 diuturna
648 4177 678 4238 p.
696 4177 729 4223 se
752 4158 911 4241 superavit
932 4163 965 4222 et
985 4156 1103 4237 gravia,
1127 4158 1213 4224 solus
1229 4158 1270 4222 ad

148 4259 357 4328 resistendum
378 4265 473 4343 aptus
500 4259 658 4342 (Papirius
686 4259 826 4344 Cursor).
870 4260 958 4326 Haec
979 4259 1075 4326 verba
1095 4260 1217 4327 lacunis
1239 4265 1273 4325 et
