<?xml version="1.0" encoding="UTF-8"?>
<!DOCTYPE html PUBLIC "-//W3C//DTD XHTML 1.0 Transitional//EN"
    "http://www.w3.org/TR/xhtml1/DTD/xhtml1-transitional.dtd">
<html xmlns="http://www.w3.org/1999/xhtml" xml:lang="en" lang="en">
 <head>
  <title>
</title>
<meta http-equiv="Content-Type" content="text/html;charset=utf-8" />
  <meta name='ocr-system' content='tesseract 3.04.00' />
  <meta name='ocr-capabilities' content='ocr_page ocr_carea ocr_par ocr_line ocrx_word'/>
</head>
<body>
  <div class='ocr_page' id='page_1' title='image "./depraepositionu00reingoog_0026.png"; bbox 0 0 2842 4764; ppageno 0'>
   <div class='ocr_carea' id='block_1_1' title="bbox 1123 218 1291 322">
    <p class='ocr_par' dir='ltr' id='par_1_1' title="bbox 1123 218 1291 322">
     <span class='ocr_line' id='line_1_1' title="bbox 1123 218 1291 322; baseline -0.012 0"><span class='ocrx_word' id='word_1_1' title='bbox 1123 218 1291 322; x_wconf 61' lang='lat'>‘21</span> 
     </span>
    </p>
   </div>
   <div class='ocr_carea' id='block_1_2' title="bbox 160 442 1402 2787">
    <p class='ocr_par' dir='ltr' id='par_1_2' title="bbox 161 442 1402 1862">
     <span class='ocr_line' id='line_1_2' title="bbox 164 442 1292 527; baseline -0.004 -14"><span class='ocrx_word' id='word_1_2' title='bbox 164 450 215 527; x_wconf 86' lang='grc'>16,</span> <span class='ocrx_word' id='word_1_3' title='bbox 234 449 274 512; x_wconf 83' lang='grc'>15</span> <span class='ocrx_word' id='word_1_4' title='bbox 290 444 482 510; x_wconf 82' lang='lat' dir='ltr'><strong>Alexandria</strong></span> <span class='ocrx_word' id='word_1_5' title='bbox 496 444 580 508; x_wconf 91' lang='lat' dir='ltr'>inter</span> <span class='ocrx_word' id='word_1_6' title='bbox 594 443 684 508; x_wconf 85' lang='grc'>111111</span> <span class='ocrx_word' id='word_1_7' title='bbox 698 442 800 525; x_wconf 90' lang='lat' dir='ltr'>prima</span> <span class='ocrx_word' id='word_1_8' title='bbox 816 444 908 507; x_wconf 86' lang='lat' dir='ltr'>aucta</span> <span class='ocrx_word' id='word_1_9' title='bbox 923 464 953 526; x_wconf 88' lang='lat' dir='ltr'>p.</span> <span class='ocrx_word' id='word_1_10' title='bbox 970 445 1124 526; x_wconf 91' lang='lat' dir='ltr'>spatiosos</span> <span class='ocrx_word' id='word_1_11' title='bbox 1144 444 1292 510; x_wconf 86' lang='lat' dir='ltr'><strong>ambitus.</strong></span> 
     </span>
     <span class='ocr_line' id='line_1_3' title="bbox 161 546 1292 632; baseline -0.001 -17"><span class='ocrx_word' id='word_1_12' title='bbox 161 551 308 632; x_wconf 83' lang='lat' dir='ltr'>„Aucta“</span> <span class='ocrx_word' id='word_1_13' title='bbox 331 548 383 613; x_wconf 93' lang='lat' dir='ltr'>hic</span> <span class='ocrx_word' id='word_1_14' title='bbox 403 547 486 611; x_wconf 89' lang='lat' dir='ltr'>idem</span> <span class='ocrx_word' id='word_1_15' title='bbox 507 546 573 612; x_wconf 88' lang='grc'>1616</span> <span class='ocrx_word' id='word_1_16' title='bbox 595 546 763 628; x_wconf 90' lang='lat' dir='ltr'>significat,</span> <span class='ocrx_word' id='word_1_17' title='bbox 788 546 872 627; x_wconf 90' lang='lat' dir='ltr'>quod</span> <span class='ocrx_word' id='word_1_18' title='bbox 895 550 1073 628; x_wconf 75' lang='lat' dir='ltr'>„expansat‘</span> <span class='ocrx_word' id='word_1_19' title='bbox 1098 546 1216 624; x_wconf 91' lang='lat' dir='ltr'>XXIII,</span> <span class='ocrx_word' id='word_1_20' title='bbox 1229 551 1292 627; x_wconf 77' lang='lat' dir='ltr'>2,‘.l</span> 
     </span>
     <span class='ocr_line' id='line_1_4' title="bbox 164 648 1294 733; baseline -0.003 -15"><span class='ocrx_word' id='word_1_21' title='bbox 164 652 264 718; x_wconf 88' lang='lat' dir='ltr'>missa</span> <span class='ocrx_word' id='word_1_22' title='bbox 285 671 317 733; x_wconf 90' lang='lat' dir='ltr'>p.</span> <span class='ocrx_word' id='word_1_23' title='bbox 340 650 489 716; x_wconf 90' lang='lat' dir='ltr'>militares</span> <span class='ocrx_word' id='word_1_24' title='bbox 512 668 658 715; x_wconf 87' lang='lat' dir='ltr'>numeros</span> <span class='ocrx_word' id='word_1_25' title='bbox 681 648 903 731; x_wconf 80' lang='lat' dir='ltr'>expeditionali</span> <span class='ocrx_word' id='word_1_26' title='bbox 925 654 1054 719; x_wconf 81' lang='lat' dir='ltr'><strong>tessera.</strong></span> <span class='ocrx_word' id='word_1_27' title='bbox 1091 654 1120 729; x_wconf 89' lang='lat'>6,</span> <span class='ocrx_word' id='word_1_28' title='bbox 1144 652 1185 717; x_wconf 80' lang='lat'>26</span> <span class='ocrx_word' id='word_1_29' title='bbox 1207 649 1294 715; x_wconf 90' lang='lat' dir='ltr'>fluvii</span> 
     </span>
     <span class='ocr_line' id='line_1_5' title="bbox 163 752 1293 837; baseline -0.001 -18"><span class='ocrx_word' id='word_1_30' title='bbox 163 754 257 819; x_wconf 89' lang='lat' dir='ltr'>multi</span> <span class='ocrx_word' id='word_1_31' title='bbox 286 774 316 837; x_wconf 88' lang='lat' dir='ltr'>p.</span> <span class='ocrx_word' id='word_1_32' title='bbox 340 752 509 817; x_wconf 91' lang='lat' dir='ltr'>harenosas</span> <span class='ocrx_word' id='word_1_33' title='bbox 539 752 700 830; x_wconf 88' lang='lat' dir='ltr'>angustias</span> <span class='ocrx_word' id='word_1_34' title='bbox 729 769 918 833; x_wconf 78' lang='lat' dir='ltr'>aequoream</span> <span class='ocrx_word' id='word_1_35' title='bbox 948 752 1179 816; x_wconf 83' lang='lat' dir='ltr'>multitudinem</span> <span class='ocrx_word' id='word_1_36' title='bbox 1202 753 1293 818; x_wconf 93' lang='lat' dir='ltr'>inun-</span> 
     </span>
     <span class='ocr_line' id='line_1_6' title="bbox 162 852 1293 937; baseline -0.003 -14"><span class='ocrx_word' id='word_1_37' title='bbox 162 860 288 924; x_wconf 87' lang='lat' dir='ltr'>dantes.</span> <span class='ocrx_word' id='word_1_38' title='bbox 325 855 424 935; x_wconf 91' lang='lat' dir='ltr'>XXV,</span> <span class='ocrx_word' id='word_1_39' title='bbox 450 858 535 935; x_wconf 77' lang='lat' dir='ltr'>1,1n</span> <span class='ocrx_word' id='word_1_40' title='bbox 559 860 702 921; x_wconf 85' lang='lat' dir='ltr'>catervae</span> <span class='ocrx_word' id='word_1_41' title='bbox 724 875 754 937; x_wconf 90' lang='lat' dir='ltr'>p.</span> <span class='ocrx_word' id='word_1_42' title='bbox 779 852 903 936; x_wconf 88' lang='lat' dir='ltr'>singula</span> <span class='ocrx_word' id='word_1_43' title='bbox 924 854 1066 919; x_wconf 88' lang='lat' dir='ltr'>membra</span> <span class='ocrx_word' id='word_1_44' title='bbox 1088 855 1193 920; x_wconf 91' lang='lat' dir='ltr'>densis</span> <span class='ocrx_word' id='word_1_45' title='bbox 1215 855 1293 920; x_wconf 91' lang='lat' dir='ltr'>lam-</span> 
     </span>
     <span class='ocr_line' id='line_1_7' title="bbox 167 956 1292 1039; baseline -0.001 -14"><span class='ocrx_word' id='word_1_46' title='bbox 167 958 260 1025; x_wconf 88' lang='lat' dir='ltr'>minis</span> <span class='ocrx_word' id='word_1_47' title='bbox 293 962 404 1027; x_wconf 91' lang='lat' dir='ltr'>tectae.</span> <span class='ocrx_word' id='word_1_48' title='bbox 458 959 537 1038; x_wconf 65' lang='grc' dir='ltr'><strong><em>Μ</em></strong></span> <span class='ocrx_word' id='word_1_49' title='bbox 572 958 720 1039; x_wconf 87' lang='lat' dir='ltr'>quicquid</span> <span class='ocrx_word' id='word_1_50' title='bbox 754 956 987 1039; x_wconf 79' lang='lat' dir='ltr'>postulabatur,</span> <span class='ocrx_word' id='word_1_51' title='bbox 1023 976 1054 1038; x_wconf 93' lang='lat' dir='ltr'>p.</span> <span class='ocrx_word' id='word_1_52' title='bbox 1089 956 1292 1024; x_wconf 88' lang='lat' dir='ltr'>contubernia</span> 
     </span>
     <span class='ocr_line' id='line_1_8' title="bbox 164 1058 1292 1146; baseline -0.003 -18"><span class='ocrx_word' id='word_1_53' title='bbox 164 1063 352 1146; x_wconf 88' lang='lat' dir='ltr'>paupertina</span> <span class='ocrx_word' id='word_1_54' title='bbox 368 1061 492 1144; x_wconf 85' lang='lat' dir='ltr'>egessit.</span> <span class='ocrx_word' id='word_1_55' title='bbox 530 1060 644 1141; x_wconf 90' lang='lat' dir='ltr'>XXVI,</span> <span class='ocrx_word' id='word_1_56' title='bbox 661 1065 690 1140; x_wconf 87' lang='grc'>4,</span> <span class='ocrx_word' id='word_1_57' title='bbox 710 1065 728 1127; x_wconf 84' lang='grc'>5</span> <span class='ocrx_word' id='word_1_58' title='bbox 750 1080 779 1140; x_wconf 88' lang='lat' dir='ltr'>p.</span> <span class='ocrx_word' id='word_1_59' title='bbox 796 1059 975 1124; x_wconf 83' lang='lat' dir='ltr'>universum</span> <span class='ocrx_word' id='word_1_60' title='bbox 991 1058 1098 1124; x_wconf 90' lang='lat' dir='ltr'>orbem</span> <span class='ocrx_word' id='word_1_61' title='bbox 1113 1059 1292 1126; x_wconf 88' lang='lat' dir='ltr'>Romanum</span> 
     </span>
     <span class='ocr_line' id='line_1_9' title="bbox 161 1162 1292 1244; baseline -0.002 -14"><span class='ocrx_word' id='word_1_62' title='bbox 161 1165 311 1231; x_wconf 89' lang='lat' dir='ltr'>bellicum</span> <span class='ocrx_word' id='word_1_63' title='bbox 328 1163 513 1228; x_wconf 86' lang='lat' dir='ltr'>canentibus</span> <span class='ocrx_word' id='word_1_64' title='bbox 529 1162 657 1233; x_wconf 88' lang='lat' dir='ltr'>bucinis.</span> <span class='ocrx_word' id='word_1_65' title='bbox 692 1162 823 1242; x_wconf 89' lang='lat' dir='ltr'>XXVII,</span> <span class='ocrx_word' id='word_1_66' title='bbox 843 1165 891 1242; x_wconf 87' lang='lat'>10,</span> <span class='ocrx_word' id='word_1_67' title='bbox 909 1165 928 1228; x_wconf 90' lang='grc'><strong>9</strong></span> <span class='ocrx_word' id='word_1_68' title='bbox 949 1166 1086 1227; x_wconf 90' lang='lat' dir='ltr'>montem</span> <span class='ocrx_word' id='word_1_69' title='bbox 1101 1180 1292 1244; x_wconf 87' lang='lat' dir='ltr'>occupavere</span> 
     </span>
     <span class='ocr_line' id='line_1_10' title="bbox 161 1265 1291 1350; baseline -0.001 -18"><span class='ocrx_word' id='word_1_70' title='bbox 161 1267 369 1350; x_wconf 89' lang='lat' dir='ltr'>praecelsum,</span> <span class='ocrx_word' id='word_1_71' title='bbox 397 1286 427 1348; x_wconf 89' lang='lat' dir='ltr'>p.</span> <span class='ocrx_word' id='word_1_72' title='bbox 452 1265 651 1348; x_wconf 87' lang='lat' dir='ltr'>confragosos</span> <span class='ocrx_word' id='word_1_73' title='bbox 672 1265 774 1331; x_wconf 89' lang='lat' dir='ltr'>colles</span> <span class='ocrx_word' id='word_1_74' title='bbox 802 1265 940 1346; x_wconf 91' lang='lat' dir='ltr'>undique</span> <span class='ocrx_word' id='word_1_75' title='bbox 962 1270 1167 1347; x_wconf 87' lang='lat' dir='ltr'>praemptum</span> <span class='ocrx_word' id='word_1_76' title='bbox 1190 1270 1222 1329; x_wconf 91' lang='lat' dir='ltr'>et</span> <span class='ocrx_word' id='word_1_77' title='bbox 1243 1266 1291 1331; x_wconf 94' lang='lat' dir='ltr'>in-</span> 
     </span>
     <span class='ocr_line' id='line_1_11' title="bbox 164 1358 1402 1450; baseline 0 -16"><span class='ocrx_word' id='word_1_78' title='bbox 164 1372 257 1434; x_wconf 86' lang='lat' dir='ltr'>vium.</span> <span class='ocrx_word' id='word_1_79' title='bbox 290 1368 440 1447; x_wconf 88' lang='lat' dir='ltr'>XXVIII,</span> <span class='ocrx_word' id='word_1_80' title='bbox 457 1373 516 1449; x_wconf 89' lang='lat'>1,1</span> <span class='ocrx_word' id='word_1_81' title='bbox 534 1369 675 1434; x_wconf 88' lang='lat' dir='ltr'>saeviens</span> <span class='ocrx_word' id='word_1_82' title='bbox 690 1388 720 1450; x_wconf 92' lang='lat' dir='ltr'>p.</span> <span class='ocrx_word' id='word_1_83' title='bbox 737 1367 848 1431; x_wconf 89' lang='lat' dir='ltr'>urbem</span> <span class='ocrx_word' id='word_1_84' title='bbox 871 1372 1031 1432; x_wconf 86' lang='lat' dir='ltr'>aeternam</span> <span class='ocrx_word' id='word_1_85' title='bbox 1052 1367 1165 1432; x_wconf 89' lang='lat' dir='ltr'>urebat</span> <span class='ocrx_word' id='word_1_86' title='bbox 1181 1374 1291 1434; x_wconf 88' lang='lat' dir='ltr'>cuncta</span> <span class='ocrx_word' id='word_1_87' title='bbox 1396 1358 1402 1375; x_wconf 81' lang='grc'>’</span> 
     </span>
     <span class='ocr_line' id='line_1_12' title="bbox 164 1469 1291 1553; baseline 0 -16"><span class='ocrx_word' id='word_1_88' title='bbox 164 1472 301 1541; x_wconf 88' lang='lat' dir='ltr'>Bellona.</span> <span class='ocrx_word' id='word_1_89' title='bbox 337 1470 453 1550; x_wconf 89' lang='lat' dir='ltr'>XXXI,</span> <span class='ocrx_word' id='word_1_90' title='bbox 470 1476 499 1551; x_wconf 66' lang='lat'>⁸2,</span> <span class='ocrx_word' id='word_1_91' title='bbox 519 1473 556 1539; x_wconf 90' lang='grc'>18</span> <span class='ocrx_word' id='word_1_92' title='bbox 581 1490 662 1553; x_wconf 90' lang='lat' dir='ltr'>quae</span> <span class='ocrx_word' id='word_1_93' title='bbox 680 1470 845 1552; x_wconf 88' lang='lat' dir='ltr'>(plaustra)</span> <span class='ocrx_word' id='word_1_94' title='bbox 867 1489 897 1551; x_wconf 90' lang='lat' dir='ltr'><strong>p.</strong></span> <span class='ocrx_word' id='word_1_95' title='bbox 919 1469 1104 1535; x_wconf 87' lang='lat' dir='ltr'>solitudines</span> <span class='ocrx_word' id='word_1_96' title='bbox 1128 1469 1291 1538; x_wconf 83' lang='lat' dir='ltr'>conferunt</span> 
     </span>
     <span class='ocr_line' id='line_1_13' title="bbox 165 1572 1289 1655; baseline 0 -15"><span class='ocrx_word' id='word_1_97' title='bbox 165 1575 231 1640; x_wconf 88' lang='lat' dir='ltr'>sine</span> <span class='ocrx_word' id='word_1_98' title='bbox 257 1573 320 1639; x_wconf 89' lang='lat' dir='ltr'>fine</span> <span class='ocrx_word' id='word_1_99' title='bbox 347 1574 511 1639; x_wconf 90' lang='lat' dir='ltr'>distentas.</span> <span class='ocrx_word' id='word_1_100' title='bbox 557 1577 593 1654; x_wconf 89' lang='lat'>8,</span> <span class='ocrx_word' id='word_1_101' title='bbox 618 1577 636 1638; x_wconf 88' lang='lat'>9</span> <span class='ocrx_word' id='word_1_102' title='bbox 660 1573 787 1638; x_wconf 88' lang='lat' dir='ltr'>barbari</span> <span class='ocrx_word' id='word_1_103' title='bbox 809 1593 839 1654; x_wconf 92' lang='lat' dir='ltr'><strong>p.</strong></span> <span class='ocrx_word' id='word_1_104' title='bbox 863 1572 1038 1654; x_wconf 90' lang='lat' dir='ltr'>spatiorum</span> <span class='ocrx_word' id='word_1_105' title='bbox 1068 1573 1289 1655; x_wconf 87' lang='lat' dir='ltr'>amplitudines</span> 
     </span>
     <span class='ocr_line' id='line_1_14' title="bbox 162 1674 1288 1759; baseline 0.006 -19"><span class='ocrx_word' id='word_1_106' title='bbox 162 1675 265 1742; x_wconf 86' lang='lat' dir='ltr'>fusius</span> <span class='ocrx_word' id='word_1_107' title='bbox 279 1677 409 1742; x_wconf 87' lang='lat' dir='ltr'>incitati.</span> <span class='ocrx_word' id='word_1_108' title='bbox 445 1680 496 1756; x_wconf 84' lang='lat'>10,</span> <span class='ocrx_word' id='word_1_109' title='bbox 516 1679 554 1742; x_wconf 78' lang='lat'>12</span> <span class='ocrx_word' id='word_1_110' title='bbox 577 1676 720 1759; x_wconf 88' lang='lat' dir='ltr'>abmptis</span> <span class='ocrx_word' id='word_1_111' title='bbox 735 1696 765 1758; x_wconf 98' lang='lat' dir='ltr'><strong>p.</strong></span> <span class='ocrx_word' id='word_1_112' title='bbox 783 1675 936 1740; x_wconf 90' lang='lat' dir='ltr'>ambitum</span> <span class='ocrx_word' id='word_1_113' title='bbox 950 1674 1080 1757; x_wconf 91' lang='lat' dir='ltr'>rupibus</span> <span class='ocrx_word' id='word_1_114' title='bbox 1096 1676 1288 1749; x_wconf 88' lang='lat' dir='ltr'>insistentes.</span> 
     </span>
     <span class='ocr_line' id='line_1_15' title="bbox 168 1779 1002 1862; baseline -0.001 -18"><span class='ocrx_word' id='word_1_115' title='bbox 168 1783 215 1860; x_wconf 78' lang='lat'>12,</span> <span class='ocrx_word' id='word_1_116' title='bbox 240 1784 258 1847; x_wconf 89' lang='grc'><strong>3</strong></span> <span class='ocrx_word' id='word_1_117' title='bbox 281 1779 409 1846; x_wconf 91' lang='lat' dir='ltr'>barbari</span> <span class='ocrx_word' id='word_1_118' title='bbox 431 1785 605 1844; x_wconf 90' lang='lat' dir='ltr'>metuentes</span> <span class='ocrx_word' id='word_1_119' title='bbox 629 1779 827 1862; x_wconf 90' lang='lat' dir='ltr'>eruptionem</span> <span class='ocrx_word' id='word_1_120' title='bbox 849 1798 879 1860; x_wconf 90' lang='lat' dir='ltr'><strong>p.</strong></span> <span class='ocrx_word' id='word_1_121' title='bbox 904 1779 1002 1844; x_wconf 92' lang='lat' dir='ltr'>devia.</span> 
     </span>
    </p>

    <p class='ocr_par' dir='ltr' id='par_1_3' title="bbox 160 1881 1290 2787">
     <span class='ocr_line' id='line_1_16' title="bbox 247 1881 1290 1964; baseline 0.001 -17"><span class='ocrx_word' id='word_1_122' title='bbox 247 1882 307 1948; x_wconf 88' lang='lat' dir='ltr'>His</span> <span class='ocrx_word' id='word_1_123' title='bbox 330 1882 480 1964; x_wconf 86' lang='lat' dir='ltr'>exemplis</span> <span class='ocrx_word' id='word_1_124' title='bbox 496 1882 632 1963; x_wconf 90' lang='lat' dir='ltr'>adiungo</span> <span class='ocrx_word' id='word_1_125' title='bbox 653 1901 762 1964; x_wconf 88' lang='lat' dir='ltr'>pauca,</span> <span class='ocrx_word' id='word_1_126' title='bbox 785 1881 949 1962; x_wconf 91' lang='lat' dir='ltr'>inquibus</span> <span class='ocrx_word' id='word_1_127' title='bbox 972 1881 1163 1963; x_wconf 90' lang='lat' dir='ltr'>praepositio</span> <span class='ocrx_word' id='word_1_128' title='bbox 1185 1883 1290 1948; x_wconf 92' lang='lat' dir='ltr'>distri-</span> 
     </span>
     <span class='ocr_line' id='line_1_17' title="bbox 162 1983 1288 2067; baseline 0.003 -19"><span class='ocrx_word' id='word_1_129' title='bbox 162 1985 303 2050; x_wconf 82' lang='lat' dir='ltr'>butiram</span> <span class='ocrx_word' id='word_1_130' title='bbox 325 1985 486 2067; x_wconf 85' lang='lat' dir='ltr'>quandam</span> <span class='ocrx_word' id='word_1_131' title='bbox 508 1983 766 2065; x_wconf 89' lang='lat' dir='ltr'>significationem</span> <span class='ocrx_word' id='word_1_132' title='bbox 788 1984 898 2061; x_wconf 91' lang='lat' dir='ltr'>habet,</span> <span class='ocrx_word' id='word_1_133' title='bbox 930 1984 975 2047; x_wconf 97' lang='grc'>111</span> <span class='ocrx_word' id='word_1_134' title='bbox 996 1988 1102 2047; x_wconf 91' lang='lat' dir='ltr'>tamen</span> <span class='ocrx_word' id='word_1_135' title='bbox 1124 1989 1161 2048; x_wconf 93' lang='lat' dir='ltr'>ut</span> <span class='ocrx_word' id='word_1_136' title='bbox 1181 1985 1288 2052; x_wconf 92' lang='lat' dir='ltr'>localis</span> 
     </span>
     <span class='ocr_line' id='line_1_18' title="bbox 160 2085 1285 2171; baseline -0.001 -18"><span class='ocrx_word' id='word_1_137' title='bbox 160 2088 208 2152; x_wconf 80' lang='lat' dir='ltr'>nis</span> <span class='ocrx_word' id='word_1_138' title='bbox 234 2088 306 2170; x_wconf 88' lang='lat' dir='ltr'>ipsa</span> <span class='ocrx_word' id='word_1_139' title='bbox 332 2086 521 2170; x_wconf 88' lang='lat' dir='ltr'>amplificata</span> <span class='ocrx_word' id='word_1_140' title='bbox 550 2088 686 2170; x_wconf 89' lang='lat' dir='ltr'>conspici</span> <span class='ocrx_word' id='word_1_141' title='bbox 716 2087 824 2169; x_wconf 82' lang='lat' dir='ltr'>possit.</span> <span class='ocrx_word' id='word_1_142' title='bbox 878 2085 969 2165; x_wconf 92' lang='lat' dir='ltr'>XIX,</span> <span class='ocrx_word' id='word_1_143' title='bbox 997 2089 1228 2164; x_wconf 85' lang='lat' dir='ltr'>1,100mnes</span> <span class='ocrx_word' id='word_1_144' title='bbox 1256 2109 1285 2171; x_wconf 91' lang='lat' dir='ltr'><strong>p.</strong></span> 
     </span>
     <span class='ocr_line' id='line_1_19' title="bbox 164 2187 1287 2272; baseline 0.001 -18"><span class='ocrx_word' id='word_1_145' title='bbox 164 2191 367 2256; x_wconf 89' lang='lat' dir='ltr'>contubernia</span> <span class='ocrx_word' id='word_1_146' title='bbox 397 2196 430 2254; x_wconf 92' lang='lat' dir='ltr'>et</span> <span class='ocrx_word' id='word_1_147' title='bbox 452 2191 627 2272; x_wconf 90' lang='lat' dir='ltr'>manipnlos</span> <span class='ocrx_word' id='word_1_148' title='bbox 652 2190 751 2272; x_wconf 90' lang='lat' dir='ltr'>epulis</span> <span class='ocrx_word' id='word_1_149' title='bbox 781 2188 994 2270; x_wconf 87' lang='lat' dir='ltr'>indulgebant.</span> <span class='ocrx_word' id='word_1_150' title='bbox 1039 2187 1161 2269; x_wconf 91' lang='lat' dir='ltr'>XXIII,</span> <span class='ocrx_word' id='word_1_151' title='bbox 1187 2193 1222 2269; x_wconf 89' lang='lat'>6,</span> <span class='ocrx_word' id='word_1_152' title='bbox 1247 2191 1287 2255; x_wconf 88' lang='lat'>33</span> 
     </span>
     <span class='ocr_line' id='line_1_20' title="bbox 162 2290 1285 2376; baseline 0.003 -19"><span class='ocrx_word' id='word_1_153' title='bbox 162 2311 244 2374; x_wconf 89' lang='lat' dir='ltr'>quae</span> <span class='ocrx_word' id='word_1_154' title='bbox 265 2292 312 2358; x_wconf 94' lang='lat' dir='ltr'>illi</span> <span class='ocrx_word' id='word_1_155' title='bbox 326 2313 356 2376; x_wconf 96' lang='lat' dir='ltr'><strong>p.</strong></span> <span class='ocrx_word' id='word_1_156' title='bbox 374 2311 464 2358; x_wconf 91' lang='lat' dir='ltr'>suam</span> <span class='ocrx_word' id='word_1_157' title='bbox 479 2293 612 2375; x_wconf 89' lang='lat' dir='ltr'>quisque</span> <span class='ocrx_word' id='word_1_158' title='bbox 626 2292 808 2374; x_wconf 87' lang='lat' dir='ltr'>progeniem</span> <span class='ocrx_word' id='word_1_159' title='bbox 824 2290 958 2373; x_wconf 90' lang='lat' dir='ltr'>posteris</span> <span class='ocrx_word' id='word_1_160' title='bbox 975 2290 1131 2356; x_wconf 91' lang='lat' dir='ltr'>aetatibus</span> <span class='ocrx_word' id='word_1_161' title='bbox 1147 2294 1285 2363; x_wconf 87' lang='lat' dir='ltr'>tradunt.</span> 
     </span>
     <span class='ocr_line' id='line_1_21' title="bbox 161 2391 1286 2477; baseline -0.002 -17"><span class='ocrx_word' id='word_1_162' title='bbox 161 2394 299 2476; x_wconf 86' lang='lat' dir='ltr'>XXVII,</span> <span class='ocrx_word' id='word_1_163' title='bbox 326 2398 361 2476; x_wconf 82' lang='lat'>7,</span> <span class='ocrx_word' id='word_1_164' title='bbox 387 2398 406 2459; x_wconf 82' lang='lat'><strong>7</strong></span> <span class='ocrx_word' id='word_1_165' title='bbox 436 2400 543 2460; x_wconf 91' lang='lat' dir='ltr'>ternos</span> <span class='ocrx_word' id='word_1_166' title='bbox 569 2415 599 2477; x_wconf 90' lang='lat' dir='ltr'><strong>p.</strong></span> <span class='ocrx_word' id='word_1_167' title='bbox 624 2395 748 2459; x_wconf 91' lang='lat' dir='ltr'>ordines</span> <span class='ocrx_word' id='word_1_168' title='bbox 771 2393 896 2458; x_wconf 91' lang='lat' dir='ltr'>urbium</span> <span class='ocrx_word' id='word_1_169' title='bbox 917 2391 1050 2457; x_wconf 91' lang='lat' dir='ltr'>interfici</span> <span class='ocrx_word' id='word_1_170' title='bbox 1071 2393 1286 2475; x_wconf 91' lang='lat' dir='ltr'>plurimarum.</span> 
     </span>
     <span class='ocr_line' id='line_1_22' title="bbox 160 2495 1285 2591; baseline 0.004 -29"><span class='ocrx_word' id='word_1_171' title='bbox 160 2497 277 2579; x_wconf 90' lang='lat' dir='ltr'>XXXI,</span> <span class='ocrx_word' id='word_1_172' title='bbox 296 2500 345 2578; x_wconf 87' lang='grc'>10,</span> <span class='ocrx_word' id='word_1_173' title='bbox 364 2500 402 2564; x_wconf 90' lang='grc'>13</span> <span class='ocrx_word' id='word_1_174' title='bbox 426 2517 456 2579; x_wconf 93' lang='lat' dir='ltr'><strong>p.</strong></span> <span class='ocrx_word' id='word_1_175' title='bbox 480 2498 616 2591; x_wconf 74' lang='lat' dir='ltr'>legiones</span> <span class='ocrx_word' id='word_1_176' title='bbox 632 2496 770 2579; x_wconf 86' lang='lat' dir='ltr'>singulas</span> <span class='ocrx_word' id='word_1_177' title='bbox 786 2496 987 2578; x_wconf 84' lang='lat' dir='ltr'>quingenteni</span> <span class='ocrx_word' id='word_1_178' title='bbox 1001 2495 1148 2578; x_wconf 84' lang='lat' dir='ltr'>leguntur</span> <span class='ocrx_word' id='word_1_179' title='bbox 1163 2499 1285 2568; x_wconf 91' lang='lat' dir='ltr'>armati.</span> 
     </span>
     <span class='ocr_line' id='line_1_23' title="bbox 163 2598 1285 2682; baseline -0.001 -17"><span class='ocrx_word' id='word_1_180' title='bbox 163 2603 216 2681; x_wconf 91' lang='grc'>11,</span> <span class='ocrx_word' id='word_1_181' title='bbox 241 2605 260 2666; x_wconf 79' lang='lat'><strong>2</strong></span> <span class='ocrx_word' id='word_1_182' title='bbox 289 2619 359 2665; x_wconf 86' lang='lat' dir='ltr'>oum</span> <span class='ocrx_word' id='word_1_183' title='bbox 388 2601 576 2666; x_wconf 87' lang='lat' dir='ltr'>trecentenis</span> <span class='ocrx_word' id='word_1_184' title='bbox 603 2600 753 2665; x_wconf 91' lang='lat' dir='ltr'>militibus</span> <span class='ocrx_word' id='word_1_185' title='bbox 783 2619 813 2681; x_wconf 92' lang='lat' dir='ltr'><strong>p.</strong></span> <span class='ocrx_word' id='word_1_186' title='bbox 843 2598 982 2682; x_wconf 85' lang='lat' dir='ltr'>singulos</span> <span class='ocrx_word' id='word_1_187' title='bbox 1013 2619 1159 2666; x_wconf 90' lang='lat' dir='ltr'>numeros</span> <span class='ocrx_word' id='word_1_188' title='bbox 1187 2601 1285 2666; x_wconf 89' lang='lat' dir='ltr'>lectis.</span> 
     </span>
     <span class='ocr_line' id='line_1_24' title="bbox 162 2703 826 2787; baseline 0 -19"><span class='ocrx_word' id='word_1_189' title='bbox 162 2703 223 2785; x_wconf 88' lang='lat' dir='ltr'>(De</span> <span class='ocrx_word' id='word_1_190' title='bbox 246 2723 306 2769; x_wconf 91' lang='lat' dir='ltr'>usu</span> <span class='ocrx_word' id='word_1_191' title='bbox 327 2704 458 2769; x_wconf 84' lang='lat' dir='ltr'>Liuiano</span> <span class='ocrx_word' id='word_1_192' title='bbox 481 2704 518 2770; x_wconf 89' lang='lat' dir='ltr'>cf.</span> <span class='ocrx_word' id='word_1_193' title='bbox 542 2704 678 2773; x_wconf 90' lang='lat' dir='ltr'>Wulsoh.</span> <span class='ocrx_word' id='word_1_194' title='bbox 705 2724 734 2786; x_wconf 96' lang='lat' dir='ltr'><strong>p.</strong></span> <span class='ocrx_word' id='word_1_195' title='bbox 759 2705 826 2787; x_wconf 84' lang='lat'><strong>35.)</strong></span> 
     </span>
    </p>
   </div>
   <div class='ocr_carea' id='block_1_3' title="bbox 246 2806 1393 2889">
    <p class='ocr_par' dir='ltr' id='par_1_4' title="bbox 246 2806 1393 2889">
     <span class='ocr_line' id='line_1_25' title="bbox 246 2806 1393 2889; baseline 0.001 -17"><span class='ocrx_word' id='word_1_196' title='bbox 246 2806 291 2872; x_wconf 91' lang='lat' dir='ltr'>Ut</span> <span class='ocrx_word' id='word_1_197' title='bbox 313 2807 393 2871; x_wconf 89' lang='lat' dir='ltr'>hanc</span> <span class='ocrx_word' id='word_1_198' title='bbox 415 2812 547 2889; x_wconf 88' lang='lat' dir='ltr'>partem,</span> <span class='ocrx_word' id='word_1_199' title='bbox 572 2825 634 2888; x_wconf 91' lang='lat' dir='ltr'>qua</span> <span class='ocrx_word' id='word_1_200' title='bbox 650 2807 761 2889; x_wconf 85' lang='lat' dir='ltr'>agitur</span> <span class='ocrx_word' id='word_1_201' title='bbox 782 2807 822 2870; x_wconf 91' lang='lat' dir='ltr'>de</span> <span class='ocrx_word' id='word_1_202' title='bbox 837 2806 1027 2888; x_wconf 79' lang='lat' dir='ltr'>amplificata</span> <span class='ocrx_word' id='word_1_203' title='bbox 1042 2808 1285 2889; x_wconf 88' lang='lat' dir='ltr'>praepositionis</span> <span class='ocrx_word' id='word_1_204' title='bbox 1382 2826 1393 2853; x_wconf 88' lang='lat'><strong>·</strong></span> 
     </span>
    </p>
   </div>
   <div class='ocr_carea' id='block_1_4' title="bbox 123 2907 1301 4328">
    <p class='ocr_par' dir='ltr' id='par_1_5' title="bbox 135 2907 850 2993">
     <span class='ocr_line' id='line_1_26' title="bbox 135 2907 850 2993; baseline -0.003 -19"><span class='ocrx_word' id='word_1_205' title='bbox 135 2909 189 2993; x_wconf 60' lang='lat' dir='ltr'>‚vi</span> <span class='ocrx_word' id='word_1_206' title='bbox 211 2908 312 2989; x_wconf 89' lang='lat' dir='ltr'>locali,</span> <span class='ocrx_word' id='word_1_207' title='bbox 336 2909 505 2989; x_wconf 88' lang='lat' dir='ltr'>absolvam,</span> <span class='ocrx_word' id='word_1_208' title='bbox 529 2915 639 2989; x_wconf 91' lang='lat' dir='ltr'>restat,</span> <span class='ocrx_word' id='word_1_209' title='bbox 662 2913 698 2973; x_wconf 93' lang='lat' dir='ltr'>ut</span> <span class='ocrx_word' id='word_1_210' title='bbox 721 2907 850 2973; x_wconf 86' lang='lat' dir='ltr'>afferam</span> 
     </span>
    </p>

    <p class='ocr_par' dir='ltr' id='par_1_6' title="bbox 123 3011 1301 4328">
     <span class='ocr_line' id='line_1_27' title="bbox 246 3011 1285 3093; baseline 0 -16"><span class='ocrx_word' id='word_1_211' title='bbox 246 3014 275 3093; x_wconf 80' lang='lat' dir='ltr'>a)</span> <span class='ocrx_word' id='word_1_212' title='bbox 305 3031 347 3076; x_wconf 93' lang='lat' dir='ltr'>ea</span> <span class='ocrx_word' id='word_1_213' title='bbox 374 3012 558 3093; x_wconf 84' lang='lat' dir='ltr'>exempla,</span> <span class='ocrx_word' id='word_1_214' title='bbox 588 3012 625 3076; x_wconf 93' lang='lat' dir='ltr'>in</span> <span class='ocrx_word' id='word_1_215' title='bbox 648 3011 788 3093; x_wconf 90' lang='lat' dir='ltr'>quibus</span> <span class='ocrx_word' id='word_1_216' title='bbox 818 3015 913 3093; x_wconf 84' lang='lat' dir='ltr'>,per‘</span> <span class='ocrx_word' id='word_1_217' title='bbox 941 3013 1096 3077; x_wconf 94' lang='lat' dir='ltr'>omnino</span> <span class='ocrx_word' id='word_1_218' title='bbox 1118 3030 1190 3076; x_wconf 94' lang='lat' dir='ltr'>non</span> <span class='ocrx_word' id='word_1_219' title='bbox 1220 3019 1285 3078; x_wconf 92' lang='lat' dir='ltr'>aut</span> 
     </span>
     <span class='ocr_line' id='line_1_28' title="bbox 159 3112 1283 3199; baseline -0.001 -20"><span class='ocrx_word' id='word_1_220' title='bbox 159 3133 231 3179; x_wconf 92' lang='lat' dir='ltr'>non</span> <span class='ocrx_word' id='word_1_221' title='bbox 253 3114 409 3179; x_wconf 90' lang='lat' dir='ltr'>multum</span> <span class='ocrx_word' id='word_1_222' title='bbox 433 3113 564 3179; x_wconf 86' lang='lat' dir='ltr'>diflert</span> <span class='ocrx_word' id='word_1_223' title='bbox 587 3115 632 3178; x_wconf 90' lang='lat' dir='ltr'>ab</span> <span class='ocrx_word' id='word_1_224' title='bbox 655 3112 717 3199; x_wconf 76' lang='lat' dir='ltr'>„in</span> <span class='ocrx_word' id='word_1_225' title='bbox 741 3131 765 3182; x_wconf 84' lang='lat' dir='ltr'>c.</span> <span class='ocrx_word' id='word_1_226' title='bbox 789 3114 875 3179; x_wconf 71' lang='grc' dir='ltr'>11111ι</span> <span class='ocrx_word' id='word_1_227' title='bbox 898 3114 1208 3197; x_wconf 90' lang='lat' dir='ltr'>praepositionis</span> <span class='ocrx_word' id='word_1_228' title='bbox 1231 3115 1283 3194; x_wconf 70' lang='lat' dir='ltr'>vi,</span> 
     </span>
     <span class='ocr_line' id='line_1_29' title="bbox 157 3207 1284 3303; baseline 0 -22"><span class='ocrx_word' id='word_1_229' title='bbox 157 3218 222 3298; x_wconf 83' lang='lat' dir='ltr'>qui&#39;</span> <span class='ocrx_word' id='word_1_230' title='bbox 235 3236 311 3282; x_wconf 90' lang='lat' dir='ltr'>usus</span> <span class='ocrx_word' id='word_1_231' title='bbox 338 3217 401 3282; x_wconf 88' lang='lat' dir='ltr'>iam</span> <span class='ocrx_word' id='word_1_232' title='bbox 427 3218 512 3298; x_wconf 85' lang='lat' dir='ltr'>apud</span> <span class='ocrx_word' id='word_1_233' title='bbox 535 3217 681 3303; x_wconf 80' lang='lat' dir='ltr'>Plautum</span> <span class='ocrx_word' id='word_1_234' title='bbox 706 3217 792 3281; x_wconf 92' lang='lat' dir='ltr'>haud</span> <span class='ocrx_word' id='word_1_235' title='bbox 818 3217 957 3293; x_wconf 79' lang='lat' dir='ltr'>itararo</span> <span class='ocrx_word' id='word_1_236' title='bbox 980 3217 1143 3299; x_wconf 91' lang='lat' dir='ltr'>reperitur.</span> <span class='ocrx_word' id='word_1_237' title='bbox 1175 3207 1284 3298; x_wconf 61' lang='lat' dir='ltr'>⁸Apud</span> 
     </span>
     <span class='ocr_line' id='line_1_30' title="bbox 142 3319 1284 3401; baseline -0.001 -16"><span class='ocrx_word' id='word_1_238' title='bbox 142 3319 341 3386; x_wconf 74' lang='lat' dir='ltr'>&#39;Ciceronem</span> <span class='ocrx_word' id='word_1_239' title='bbox 374 3320 477 3401; x_wconf 91' lang='lat' dir='ltr'>ipsum</span> <span class='ocrx_word' id='word_1_240' title='bbox 510 3320 650 3401; x_wconf 89' lang='lat' dir='ltr'>aliosque</span> <span class='ocrx_word' id='word_1_241' title='bbox 683 3319 766 3384; x_wconf 91' lang='lat' dir='ltr'>illius</span> <span class='ocrx_word' id='word_1_242' title='bbox 799 3319 913 3385; x_wconf 89' lang='lat' dir='ltr'>aetatis</span> <span class='ocrx_word' id='word_1_243' title='bbox 943 3321 1110 3401; x_wconf 85' lang='lat' dir='ltr'>scriptores</span> <span class='ocrx_word' id='word_1_244' title='bbox 1140 3321 1284 3401; x_wconf 81' lang='lat' dir='ltr'>exempla</span> 
     </span>
     <span class='ocr_line' id='line_1_31' title="bbox 123 3422 1283 3505; baseline 0.001 -18"><span class='ocrx_word' id='word_1_245' title='bbox 123 3452 126 3459; x_wconf 95' lang='lat'>·</span> <span class='ocrx_word' id='word_1_246' title='bbox 156 3427 293 3502; x_wconf 79' lang='lat' dir='ltr'>exstant,</span> <span class='ocrx_word' id='word_1_247' title='bbox 317 3441 398 3504; x_wconf 87' lang='lat' dir='ltr'>quae</span> <span class='ocrx_word' id='word_1_248' title='bbox 418 3423 482 3487; x_wconf 92' lang='lat' dir='ltr'>huc</span> <span class='ocrx_word' id='word_1_249' title='bbox 496 3422 679 3487; x_wconf 85' lang='lat' dir='ltr'>referantur.</span> <span class='ocrx_word' id='word_1_250' title='bbox 714 3422 793 3486; x_wconf 89' lang='lat' dir='ltr'>Inde</span> <span class='ocrx_word' id='word_1_251' title='bbox 808 3442 827 3487; x_wconf 94' lang='lat' dir='ltr'>a</span> <span class='ocrx_word' id='word_1_252' title='bbox 841 3422 930 3488; x_wconf 88' lang='lat' dir='ltr'>Livio</span> <span class='ocrx_word' id='word_1_253' title='bbox 949 3423 1027 3488; x_wconf 88' lang='lat' dir='ltr'>baec</span> <span class='ocrx_word' id='word_1_254' title='bbox 1042 3422 1283 3505; x_wconf 87' lang='lat' dir='ltr'>praepositionis</span> 
     </span>
     <span class='ocr_line' id='line_1_32' title="bbox 156 3525 1282 3607; baseline 0.004 -19"><span class='ocrx_word' id='word_1_255' title='bbox 156 3525 239 3590; x_wconf 89' lang='lat' dir='ltr'>ratio</span> <span class='ocrx_word' id='word_1_256' title='bbox 262 3525 357 3590; x_wconf 88' lang='lat' dir='ltr'>latius</span> <span class='ocrx_word' id='word_1_257' title='bbox 384 3530 493 3590; x_wconf 91' lang='lat' dir='ltr'>manat</span> <span class='ocrx_word' id='word_1_258' title='bbox 522 3531 553 3590; x_wconf 85' lang='lat' dir='ltr'>et</span> <span class='ocrx_word' id='word_1_259' title='bbox 583 3526 667 3607; x_wconf 92' lang='lat' dir='ltr'>apud</span> <span class='ocrx_word' id='word_1_260' title='bbox 689 3525 890 3590; x_wconf 88' lang='lat' dir='ltr'>Ammianum</span> <span class='ocrx_word' id='word_1_261' title='bbox 912 3527 944 3590; x_wconf 94' lang='lat' dir='ltr'>in</span> <span class='ocrx_word' id='word_1_262' title='bbox 965 3527 1152 3591; x_wconf 90' lang='lat' dir='ltr'>immensum</span> <span class='ocrx_word' id='word_1_263' title='bbox 1175 3531 1282 3593; x_wconf 81' lang='lat' dir='ltr'>exten-</span> 
     </span>
     <span class='ocr_line' id='line_1_33' title="bbox 155 3626 1280 3710; baseline 0.002 -19"><span class='ocrx_word' id='word_1_264' title='bbox 155 3626 257 3707; x_wconf 90' lang='lat' dir='ltr'>ditur,</span> <span class='ocrx_word' id='word_1_265' title='bbox 288 3626 334 3692; x_wconf 89' lang='lat' dir='ltr'>ita</span> <span class='ocrx_word' id='word_1_266' title='bbox 355 3631 476 3707; x_wconf 89' lang='lat' dir='ltr'>tamen,</span> <span class='ocrx_word' id='word_1_267' title='bbox 506 3633 542 3694; x_wconf 93' lang='lat' dir='ltr'>ut</span> <span class='ocrx_word' id='word_1_268' title='bbox 563 3629 717 3692; x_wconf 93' lang='lat' dir='ltr'>maiorum</span> <span class='ocrx_word' id='word_1_269' title='bbox 738 3627 803 3692; x_wconf 87' lang='lat' dir='ltr'>fere</span> <span class='ocrx_word' id='word_1_270' title='bbox 824 3627 963 3693; x_wconf 91' lang='lat' dir='ltr'>locorum</span> <span class='ocrx_word' id='word_1_271' title='bbox 985 3628 1161 3693; x_wconf 83' lang='lat' dir='ltr'>nominibus</span> <span class='ocrx_word' id='word_1_272' title='bbox 1185 3647 1280 3710; x_wconf 90' lang='lat' dir='ltr'>„per„</span> 
     </span>
     <span class='ocr_line' id='line_1_34' title="bbox 155 3724 1282 3812; baseline 0 -18"><span class='ocrx_word' id='word_1_273' title='bbox 155 3734 336 3812; x_wconf 90' lang='lat' dir='ltr'>apponatur</span> <span class='ocrx_word' id='word_1_274' title='bbox 359 3734 391 3793; x_wconf 92' lang='lat' dir='ltr'>et</span> <span class='ocrx_word' id='word_1_275' title='bbox 405 3729 521 3794; x_wconf 91' lang='lat' dir='ltr'>indicet</span> <span class='ocrx_word' id='word_1_276' title='bbox 536 3737 592 3794; x_wconf 92' lang='lat' dir='ltr'>aut</span> <span class='ocrx_word' id='word_1_277' title='bbox 607 3724 792 3812; x_wconf 86' lang='lat' dir='ltr'>ampliorem</span> <span class='ocrx_word' id='word_1_278' title='bbox 813 3729 917 3794; x_wconf 89' lang='lat' dir='ltr'>locum</span> <span class='ocrx_word' id='word_1_279' title='bbox 939 3735 994 3795; x_wconf 91' lang='lat' dir='ltr'>aut</span> <span class='ocrx_word' id='word_1_280' title='bbox 1009 3735 1109 3795; x_wconf 90' lang='lat' dir='ltr'>totam</span> <span class='ocrx_word' id='word_1_281' title='bbox 1123 3730 1282 3811; x_wconf 81' lang='lat' dir='ltr'>regionem</span> 
     </span>
     <span class='ocr_line' id='line_1_35' title="bbox 155 3831 1282 3914; baseline 0.003 -18"><span class='ocrx_word' id='word_1_282' title='bbox 155 3845 226 3897; x_wconf 86' lang='lat' dir='ltr'>aut·</span> <span class='ocrx_word' id='word_1_283' title='bbox 244 3832 419 3914; x_wconf 92' lang='lat' dir='ltr'>complures</span> <span class='ocrx_word' id='word_1_284' title='bbox 454 3833 520 3897; x_wconf 92' lang='lat' dir='ltr'>eius</span> <span class='ocrx_word' id='word_1_285' title='bbox 553 3838 669 3914; x_wconf 90' lang='lat' dir='ltr'>partes.</span> <span class='ocrx_word' id='word_1_286' title='bbox 713 3831 857 3896; x_wconf 91' lang='lat' dir='ltr'>Eundem</span> <span class='ocrx_word' id='word_1_287' title='bbox 890 3839 996 3897; x_wconf 92' lang='lat' dir='ltr'>autem</span> <span class='ocrx_word' id='word_1_288' title='bbox 1030 3833 1097 3898; x_wconf 91' lang='lat' dir='ltr'>sine</span> <span class='ocrx_word' id='word_1_289' title='bbox 1127 3833 1189 3896; x_wconf 91' lang='lat' dir='ltr'>ullo</span> <span class='ocrx_word' id='word_1_290' title='bbox 1216 3833 1282 3899; x_wconf 87' lang='grc'>1616</span> 
     </span>
     <span class='ocr_line' id='line_1_36' title="bbox 157 3935 1282 4018; baseline 0.003 -19"><span class='ocrx_word' id='word_1_291' title='bbox 157 3935 338 4001; x_wconf 81' lang='lat' dir='ltr'>duscrimine</span> <span class='ocrx_word' id='word_1_292' title='bbox 371 3954 541 4016; x_wconf 90' lang='lat' dir='ltr'>usurpasse</span> <span class='ocrx_word' id='word_1_293' title='bbox 574 3939 671 4017; x_wconf 86' lang='lat' dir='ltr'>„per“</span> <span class='ocrx_word' id='word_1_294' title='bbox 706 3940 738 3998; x_wconf 92' lang='lat' dir='ltr'>et</span> <span class='ocrx_word' id='word_1_295' title='bbox 769 3935 841 4014; x_wconf 86' lang='lat' dir='ltr'>„in“</span> <span class='ocrx_word' id='word_1_296' title='bbox 875 3954 913 3999; x_wconf 84' lang='lat' dir='ltr'>ex</span> <span class='ocrx_word' id='word_1_297' title='bbox 946 3954 982 4000; x_wconf 94' lang='lat' dir='ltr'>eo</span> <span class='ocrx_word' id='word_1_298' title='bbox 1014 3940 1163 4018; x_wconf 90' lang='lat' dir='ltr'>apparet,</span> <span class='ocrx_word' id='word_1_299' title='bbox 1197 3937 1282 4016; x_wconf 90' lang='lat' dir='ltr'>quod</span> 
     </span>
     <span class='ocr_line' id='line_1_37' title="bbox 154 4037 1282 4121; baseline 0.001 -17"><span class='ocrx_word' id='word_1_300' title='bbox 154 4037 189 4104; x_wconf 92' lang='lat' dir='ltr'>in</span> <span class='ocrx_word' id='word_1_301' title='bbox 210 4040 324 4104; x_wconf 91' lang='lat' dir='ltr'>iisdem</span> <span class='ocrx_word' id='word_1_302' title='bbox 347 4039 507 4104; x_wconf 89' lang='lat' dir='ltr'>sententiis</span> <span class='ocrx_word' id='word_1_303' title='bbox 536 4041 628 4104; x_wconf 90' lang='lat' dir='ltr'>modo</span> <span class='ocrx_word' id='word_1_304' title='bbox 652 4039 735 4119; x_wconf 89' lang='lat' dir='ltr'>„in“</span> <span class='ocrx_word' id='word_1_305' title='bbox 757 4039 947 4121; x_wconf 87' lang='lat' dir='ltr'>praepositio</span> <span class='ocrx_word' id='word_1_306' title='bbox 975 4039 1067 4103; x_wconf 94' lang='lat' dir='ltr'>modo</span> <span class='ocrx_word' id='word_1_307' title='bbox 1091 4043 1196 4121; x_wconf 81' lang='lat' dir='ltr'>„per“</span> <span class='ocrx_word' id='word_1_308' title='bbox 1227 4041 1282 4105; x_wconf 89' lang='lat' dir='ltr'>ad·</span> 
     </span>
     <span class='ocr_line' id='line_1_38' title="bbox 154 4141 1280 4225; baseline 0.003 -19"><span class='ocrx_word' id='word_1_309' title='bbox 154 4141 292 4222; x_wconf 88' lang='lat' dir='ltr'>hibetur,</span> <span class='ocrx_word' id='word_1_310' title='bbox 315 4161 506 4223; x_wconf 89' lang='lat' dir='ltr'>quamquam</span> <span class='ocrx_word' id='word_1_311' title='bbox 521 4161 583 4206; x_wconf 93' lang='lat' dir='ltr'>non</span> <span class='ocrx_word' id='word_1_312' title='bbox 601 4142 662 4225; x_wconf 88' lang='lat' dir='ltr'>legi</span> <span class='ocrx_word' id='word_1_313' title='bbox 683 4142 777 4207; x_wconf 91' lang='lat' dir='ltr'>huius</span> <span class='ocrx_word' id='word_1_314' title='bbox 792 4141 914 4224; x_wconf 91' lang='lat' dir='ltr'>generis</span> <span class='ocrx_word' id='word_1_315' title='bbox 938 4142 1087 4223; x_wconf 87' lang='lat' dir='ltr'>exempla,</span> <span class='ocrx_word' id='word_1_316' title='bbox 1110 4141 1144 4209; x_wconf 92' lang='lat' dir='ltr'>in</span> <span class='ocrx_word' id='word_1_317' title='bbox 1166 4143 1280 4224; x_wconf 84' lang='lat' dir='ltr'>quibus</span> 
     </span>
     <span class='ocr_line' id='line_1_39' title="bbox 153 4230 1301 4328; baseline 0.003 -19"><span class='ocrx_word' id='word_1_318' title='bbox 153 4244 292 4310; x_wconf 86' lang='lat' dir='ltr'>duorum</span> <span class='ocrx_word' id='word_1_319' title='bbox 328 4244 466 4310; x_wconf 90' lang='lat' dir='ltr'>locorum</span> <span class='ocrx_word' id='word_1_320' title='bbox 500 4245 626 4310; x_wconf 90' lang='lat' dir='ltr'>nomina</span> <span class='ocrx_word' id='word_1_321' title='bbox 663 4251 731 4311; x_wconf 89' lang='lat' dir='ltr'>arte</span> <span class='ocrx_word' id='word_1_322' title='bbox 763 4245 845 4310; x_wconf 93' lang='lat' dir='ltr'>inter</span> <span class='ocrx_word' id='word_1_323' title='bbox 882 4263 916 4310; x_wconf 90' lang='lat' dir='ltr'>se</span> <span class='ocrx_word' id='word_1_324' title='bbox 953 4245 1117 4312; x_wconf 89' lang='lat' dir='ltr'>coniuncta</span> <span class='ocrx_word' id='word_1_325' title='bbox 1156 4230 1301 4328; x_wconf 62' lang='lat' dir='ltr'>compo-⁴</span> 
     </span>
    </p>
   </div>
   <div class='ocr_carea' id='block_1_5' title="bbox 0 0 1426 4764">
    <p class='ocr_par' dir='ltr' id='par_1_7' title="bbox 0 0 1426 4764">
     <span class='ocr_line' id='line_1_40' title="bbox 0 0 1426 4764; baseline 0 4"><span class='ocrx_word' id='word_1_326' title='bbox 0 0 1426 4764; x_wconf 95' lang='lat' dir='ltr'> </span> 
     </span>
    </p>
   </div>
  </div>
 </body>
</html>
