2842 4764
1242 221 1282 286 53

632 402 808 470 Adversus.

241 523 485 606 Praepositionis
499 524 567 589 loco
583 528 754 605 usurpatur
768 529 893 605 quater:
910 524 1011 602 XVII,
1031 529 1081 606 13,
1098 530 1117 595 8
1135 545 1162 591 1.
1178 527 1283 608 ipsum

76 648 80 653 ·
152 626 329 709 prinoipem
350 627 503 708 impetum
527 626 734 691 eontulemnt.
778 624 895 703 XXIV,
927 630 964 709 2,
996 631 1034 695 13
1058 647 1086 693 a.
1109 628 1282 710 oppidanos

155 730 329 812 pugnabat.
373 727 510 808 XXVII,
540 731 573 807 7,
606 731 625 795 5
649 733 777 811 questus
806 735 854 794 est
876 747 978 795 comes
1000 729 1173 796 Diodorum
1195 746 1222 796 a.
1247 749 1281 796 se

151 831 285 897 civiliter
320 831 503 914 implorasse
543 831 619 897 iuris
646 830 804 913 auxilium.
860 831 980 917 XXXI,
1014 836 1050 911 5,
1085 835 1104 898 9
1137 852 1166 898 1.
1200 852 1279 916 quos

154 935 325 1017 Inupicinus
360 952 555 1018 progressus.
604 933 835 999 Adverbialiter
867 935 1043 1000 adhibitum
1081 940 1129 1001 est
1162 932 1294 1017 XXXI,

157 1042 208 1115 10,
231 1042 249 1106 8
272 1036 416 1102 horrifico
440 1057 466 1101 1.
482 1036 606 1119 fragore
622 1041 773 1116 terrente3
797 1038 908 1102 eodem
922 1037 1015 1103 modo
1031 1037 1279 1117 „exadversum‘

150 1136 272 1215 XXIII,
297 1141 326 1215 6,
352 1138 838 1204 7211111111111111111111111.
922 1141 924 1146 ’

652 1325 780 1392 011111.

238 1444 276 1509 11
303 1445 362 1510 hac
398 1445 629 1528 praepositione
661 1440 845 1511 Ammianus
874 1447 958 1512 intra
991 1449 1117 1515 eosdem
1144 1448 1221 1515 fines
1244 1467 1278 1515 se

150 1547 314 1624 continuit,
338 1567 375 1612 ac
396 1548 525 1630 priores.
571 1547 788 1615 Commemoro
811 1555 936 1615 tantum
967 1570 1011 1631 „c
1033 1552 1133 1616 haec“
1155 1551 1223 1630 XX,
1248 1557 1277 1630 6,

149 1652 181 1720 4,
219 1649 387 1734 XXIV„6,
412 1653 440 1717 8.
476 1669 522 1729 „a
545 1656 692 1733 sperata“
716 1650 830 1737 XXIV,
853 1655 883 1733 4,
908 1657 956 1718 la.
989 1653 1145 1738 Persaepe
1164 1655 1279 1738 legitur

151 1771 209 1834 pro
232 1752 391 1833 adverbi03
415 1752 510 1820 affero
534 1773 579 1831 „c
595 1759 710 1837 (111111ιι
724 1754 834 1835 XXII,
858 1759 888 1831 4,
912 1759 941 1823 7.
967 1754 1066 1832 XXX,
1091 1756 1120 1835 5,
1147 1760 1195 1823 13.
1222 1776 1277 1843 gc.

148 1859 222 1920 ao.“
244 1855 344 1936 XXX,
370 1859 397 1932 1,
423 1857 485 1922 23:
1384 1874 1386 1878 ·

85 1952 88 1957 ’
235 1958 283 2022 De
319 1975 401 2044 erga
437 1961 668 2043 praepositione
702 1960 957 2026 Hassensteinius
1001 1963 1044 2042 (p.
1083 1961 1137 2042 34)
1174 1981 1276 2042 pauca

146 2061 289 2144 protulit,
313 2062 426 2143 quibus
449 2063 533 2144 quod
555 2064 670 2129 addam
692 2081 754 2128 non
775 2064 886 2129 habeo.

647 2230 780 2316 Versus.

234 2368 479 2451 Praepositionis
502 2369 569 2435 loco
591 2368 707 2450 legitur
729 2387 799 2433 cum
821 2369 907 2435 urbis
930 2370 1054 2435 nomine
1077 2371 1276 2437 coniunctum

145 2469 263 2549 XXIV,
288 2474 322 2543 6,
351 2473 370 2534 2
398 2470 460 2535 iter
486 2470 611 2536 Cochen
640 2490 668 2536 v.
698 2471 864 2552 promovit.
910 2471 1078 2536 Praeterea
1108 2473 1276 2555 apponitur

145 2571 197 2637 bis
228 2573 270 2636 ad
301 2572 447 2647 „oriens‘
480 2591 601 2638 vocem:
624 2572 695 2648 XX,
719 2575 754 2649 9,
789 2573 808 2636 3
841 2572 901 2637 iter
929 2573 1081 2639 orientem
1112 2594 1140 2640 v.
1169 2576 1275 2642 edixit.

146 2673 264 2754 XXXI,
290 2678 339 2752 10,
362 2677 381 2741 3
405 2675 591 2742 Gratianum
613 2675 765 2741 orientem
786 2695 815 2740 v.
837 2693 910 2741 mox
931 2676 1021 2760 signa
1042 2682 1209 2744 motumm.

237 2777 448 2854 „Aduerbium
480 2778 612 2844 1111111ιι
646 2779 804 2844 interdum
839 2779 909 2845 aliis
942 2781 1097 2846 adverbiis
1129 2781 1189 2847 loci
1220 2782 1277 2847 ad·

147 2879 301 2945 nectitur:
334 2880 436 2963 XXV,
481 2886 512 2962 1,
547 2885 586 2949 18
613 2901 695 2964 pone
731 2902 759 2946 v.
809 2878 913 2963 XXX,
949 2885 984 2964 3,
1022 2883 1150 2948 bultro
1183 2885 1275 2950 citro·

146 3001 211 3064 que
232 3003 259 3047 v.

651 3067 768 3154 Vsque.

235 3185 383 3272 „llsque“
405 3187 500 3253 etiam
522 3187 591 3253 aliis
618 3193 713 3271 atque
735 3189 860 3255 urbium
880 3190 1057 3255 nominibus
1082 3190 1272 3273 adiungitur.

145 3288 298 3372 Exempla
320 3290 391 3357 vioe
413 3292 498 3372 apuu
519 3291 763 3357 aldemannum
785 3312 815 3376 p.
839 3296 888 3360 13.
1001 3278 1008 3294 ’
1191 3378 1194 3384 Δ

235 3389 422 3474 Saepissime
443 3392 559 3475 legitur
582 3394 667 3475 apud
690 3395 890 3460 Ammianum
924 3393 1111 3480 „adusquo“
1140 3412 1272 3477 praepo·
1336 3386 1340 3395 '

144 3493 229 3573 sitio,
254 3513 334 3576 quae
355 3495 418 3558 iam
441 3496 526 3578 apud
548 3502 659 3577 poetas
681 3487 826 3578 augustei
848 3498 917 3563 aevi
941 3502 1053 3563 exstat.
1085 3496 1153 3576 XV,
1178 3498 1207 3575 8,
1232 3500 1271 3566 18

145 3616 175 3666 a.
198 3597 301 3663 locum
322 3598 486 3681 insignem.
533 3600 583 3675 10,
607 3600 626 3663 6
650 3619 679 3665 1.
703 3599 879 3665 stationem.
924 3600 1010 3679 XVI,
1036 3606 1063 3678 1,
1087 3603 1108 3664 4
1129 3619 1157 3669 1.
1182 3600 1273 3683 spiri-

146 3706 215 3765 tum
237 3719 425 3783 supremum.
471 3703 507 3782 2,
537 3703 608 3768 81.
631 3701 734 3768 finem.
779 3702 881 3784 XVII,
916 3708 949 3784 2,
984 3707 1014 3770 2.
1057 3702 1143 3784 XXI,
1169 3706 1271 3784 10,·8.

146 3802 252 3883 XXII,
285 3806 318 3884 8,
342 3808 393 3869 27.
439 3809 516 3886 9,8
549 3805 775 3886 permultisque
808 3805 877 3871 aliis
908 3806 994 3872 loeta.
1046 3805 1146 3887 Saepe
1176 3806 1272 3871 etiam

145 3892 335 3987 praepositio
357 3905 402 3971 ita
417 3905 582 3986 invenitur,
606 3912 643 3972 ut
664 3906 746 3971 duae
761 3907 829 3972 eius
843 3912 951 3989 partes
973 3907 1158 3988 interposito
1180 3926 1272 3974 voca-

144 4007 219 4072 bulo
247 4013 441 4092 separentur.
486 4008 608 4090 XVIII,
637 4011 671 4090 6,
694 3999 739 4074 121
772 4011 813 4074 ad
844 4010 1136 4092 quinquagesimum
1170 4029 1271 4093 usque

143 4109 290 4193 lapidem.
324 4108 441 4191 XVIII,
458 4115 488 4192 7,
512 4114 531 4177 9
555 4112 596 4176 ad
619 4111 858 4178 Constantinam
873 4128 974 4193 usque
990 4113 1149 4194 oppidum.
1183 4113 1269 4192 XIX,

143 4215 174 4291 2,
194 4214 233 4279 10
248 4214 289 4279 ad
301 4220 473 4280 extremum
488 4231 588 4296 usque
601 4214 670 4282 diei.
694 4213 794 4298 XXII,
811 4215 859 4296 13,
874 4214 946 4279 2111
956 4214 989 4279 id
1001 4232 1111 4297 usque,
1123 4216 1270 4300 alibique.
