2842 4764
213 217 255 281 46

214 402 397 485 plerumque
419 403 544 484 quidem
566 402 629 467 vim
652 402 787 484 augendi
809 401 952 481 retinent,
977 401 1031 467 sed
1046 401 1202 468 interdum
1227 401 1340 467 asim-

214 504 342 586 plicium
363 505 393 569 vi
414 524 476 569 non
499 503 654 570 differunt.

367 691 404 759 A.
438 692 485 759 Ilo
506 691 616 760 vorbis
638 690 738 759 cundi
760 709 833 758 cunr
855 693 967 779 ‚‚por“
991 690 1186 778 compositis

299 813 542 878 Percurrere:
565 812 633 893 XV,
647 817 675 894 7,
689 815 709 878 6
725 831 820 894 quam
835 812 928 896 (rem)
944 813 1030 878 brevi
1044 816 1134 876 textu
1149 830 1338 894 percurram.

214 915 381 998 ΧΧ1,5,2
405 935 486 999 quae
508 934 652 981 sermone
674 915 763 980 brevi
784 934 972 997 percurram.
1007 914 1126 996 XXIII,
1151 917 1180 996 6,
1196 917 1238 982 65
1259 915 1341 980 banc

213 1017 374 1100 planitiem
402 1019 464 1083 duo
494 1017 623 1082 flumina
652 1022 846 1099 percurrunt.
890 1017 1010 1099 XXXI,
1037 1020 1090 1098 14,
1113 1018 1135 1081 4
1164 1036 1247 1082 nune
1274 1019 1341 1084 eius

215 1120 291 1185 vitia
317 1139 543 1203 percurramus.
590 1119 721 1202 Saepius
749 1121 924 1202 passivum:
957 1119 1026 1200 XV,
1052 1120 1109 1201 13,
1132 1121 1152 1184 2
1185 1121 1341 1201 percursis

215 1224 370 1289 bonorum
393 1223 552 1306 gradibus.
590 1222 675 1303 XVI,
699 1225 728 1304 2,
753 1226 771 1288 5
793 1241 941 1305 percurso
963 1224 1073 1289 eodem
1095 1223 1217 1288 itinere.
1254 1222 1340 1303 XXI,

217 1329 236 1390 7
242 1377 250 1407 ,
276 1331 291 1391 1
322 1326 436 1408 Illyriis
463 1325 619 1406 percursis
649 1329 681 1389 et
709 1324 811 1390 Italia.
861 1327 915 1406 10,
939 1329 958 1390 2
988 1326 1143 1407 percursis
1173 1325 1342 1409 aggeribus

215 1429 356 1509 publicis.
401 1427 519 1507 XXIII,
543 1433 572 1509 6,
598 1430 637 1494 15
659 1428 815 1510 percursis
837 1428 947 1509 spatiis
969 1428 1080 1510 longis.
1128 1427 1243 1508 XXVI,
1270 1433 1297 1509 1,
1320 1429 1340 1495 8

214 1531 286 1613 polo
308 1549 465 1613 percurso.
501 1534 529 1611 5,
556 1537 570 1596 1
596 1531 751 1612 percursis
773 1531 921 1596 Thraciis.
957 1530 1056 1613 XXX,
1080 1533 1143 1611 8,1
1167 1531 1244 1596 haec
1267 1536 1342 1597 sunt

215 1652 372 1715 percursa.
406 1632 523 1714 XXXI,
539 1636 605 1712 2,9
629 1632 779 1696 distantia
800 1651 949 1715 percursa
975 1633 1146 1697 comminus
1168 1630 1251 1698 ferro
1274 1635 1341 1699 sine

215 1735 264 1801 sui
284 1740 428 1818 respectu
451 1734 629 1818 confligunt.
665 1734 841 1816 Comprobo
865 1734 1097 1801 Gardthauseni
1120 1736 1340 1818 coniecturam,

215 1839 269 1921 qui
290 1857 347 1921 pro
370 1844 517 1920 corrupta
540 1838 681 1903 codicum
704 1837 858 1919 scriptura
882 1888 898 1916 ‚,
908 1838 1003 1902 distin
1025 1845 1037 1918 (
1044 1838 1083 1903 al.
1107 1837 1235 1922 distint)

215 1941 339 2026 (lacuna
362 1940 526 2006 duodecim
546 1940 757 2021 litterarum)“
789 1940 886 2005 verba
909 1939 1079 2016 „distantia
1100 1948 1269 2022 percursa“
1292 1959 1341 2006 re

215 2046 312 2128 cepit,
349 2065 430 2128 quae
453 2044 615 2128 aptissime
637 2044 669 2109 in
692 2063 817 2110 sensum
840 2045 934 2110 buius
956 2045 1017 2110 loci
1039 2046 1204 2128 quadrant.
1250 2046 1339 2128 (Con.
1371 2058 1374 2065 '

214 2148 383 2229 Ammian,
406 2169 436 2231 p.
459 2150 527 2230 14.)
571 2148 777 2213 Percurrendi
803 2148 933 2213 verbum
963 2148 1058 2213 etiam
1094 2149 1178 2230 apud
1206 2149 1339 2231 optimos

215 2251 383 2333 scriptores
419 2251 464 2316 ita
501 2255 681 2334 usurpatur.
732 2250 826 2333 Apud
862 2250 1062 2315 Ammianum
1100 2251 1211 2316 eodem
1247 2252 1339 2317 modo

213 2352 375 2439 leguntur:
413 2354 596 2434 decurrere,
634 2353 825 2434 discurrrere,
863 2353 1089 2433 intercurrere,
1126 2371 1336 2435 praecurrere,

213 2463 474 2538 praetercurrere,
497 2463 720 2523 transcurrere.

299 2560 547 2626 Percursare:
570 2561 640 2639 XX,
659 2565 708 2641 10,
726 2565 745 2627 2
766 2561 927 2626 homiuum
950 2561 1201 2642 percursantium
1224 2561 1339 2625 extima

215 2662 397 2728 Galliarum.
433 2662 534 2727 Sensu
548 2663 712 2728 transitivo
728 2662 887 2728 Ciceronis
902 2667 1008 2727 aetate
1023 2664 1162 2727 nondum
1176 2663 1336 2729 usitatum

216 2765 366 2831 Similiter
379 2785 455 2851 usus
471 2770 520 2830 est
534 2765 718 2830 Ammianus
732 2765 849 2830 verbis:
884 2766 1135 2845 circumcursare,
1152 2765 1336 2846 discursare,

213 2867 382 2934 incursare.

300 2970 514 3037 Perfluere:
546 2970 669 3051 XXIII,
694 2973 728 3053 6,
752 2973 793 3038 25
820 2970 981 3053 perfluunt
1008 2970 1065 3035 has
1093 2975 1195 3035 terras
1223 2989 1337 3037 amnes.

216 3074 245 3154 6,
269 3076 309 3140 69
333 3080 435 3139 terras
457 3058 558 3139 amnIs
580 3073 715 3156 perfluit.
760 3074 833 3140 Alia
853 3075 940 3140 verbi
960 3073 1078 3139 fluendi
1101 3073 1274 3155 composita
1294 3073 1339 3138 ita

214 3175 356 3242 adbibita
378 3182 465 3241 sunt:
490 3175 711 3258 circumfluere,
734 3166 873 3256 influ'ere,
897 3174 1129 3259 praeterfluere.

298 3278 515 3344 Permeare:
548 3279 633 3360 XIV,
665 3282 765 3358 2,10
794 3297 920 3345 amnem
948 3296 1120 3360 permeare.
1164 3277 1233 3358 XV,
1260 3277 1340 3358 4,4

214 3383 370 3449 undarum
392 3382 530 3464 quietem
552 3401 727 3464 permeans.
772 3382 936 3447 Passivum
957 3381 1091 3463 legitur:
1125 3379 1216 3461 XXI,
1243 3379 1297 3459 13,
1319 3383 1338 3444 2

212 3488 373 3566 permeato
394 3483 532 3550 flumine.
577 3484 698 3567 XXIII,
722 3487 756 3567 6,
783 3488 820 3551 11
845 3484 1006 3568 angustiis·
1019 3483 1196 3565 permeatis.
1240 3483 1275 3564 6,
1299 3485 1339 3548 12

212 3588 381 3669 permeatis
404 3587 566 3671 angustiis.
599 3588 713 3670 XXIV,
726 3591 756 3669 2,
769 3590 811 3655 22
834 3593 993 3670 permeato
1008 3605 1109 3652 amne.
1144 3585 1260 3667 XXXI,
1274 3587 1336 3667 8,1

214 3689 336 3772 digesto
360 3690 485 3756 consilio
507 3698 732 3774 permeatoque
748 3710 820 3756 cum
834 3690 985 3756 militibus
1000 3689 1080 3754 mari
1100 3689 1141 3754 ad
1155 3689 1339 3769 Drepanum

212 3793 306 3859 venit.
332 3793 433 3858 Valde
455 3794 532 3858 mihi
553 3794 656 3876 placet
678 3793 911 3860 Gardthauseni
934 3792 1112 3858 coniectura
1135 3795 1336 3872 „permeato“
1398 3832 1402 3841 ·

212 3913 269 3975 pro
292 3896 434 3961 codicum
460 3895 617 3977 scriptura
644 3896 848 3978 ,perminor
872 3895 957 3976 quod
979 3912 1050 3959 cum
1072 3892 1243 3973 „consilio“
1266 3911 1338 3959 con·

212 3996 405 4080 iungendum
426 4004 508 4078 erat;
531 4018 604 4063 nam
626 4004 849 4080 praeterquam
871 3998 954 4079 quod
972 3996 1166 4078 „permixto“
1187 4013 1250 4060 non
1264 4000 1338 4078 apte

214 4098 328 4165 dicitur
348 4119 405 4182 pro
429 4101 710 4181 „communicato,“
734 4100 890 4165 ablativus
914 4099 1044 4178 „mari“
1073 4117 1130 4180 per
1152 4117 1186 4163 se
1213 4098 1336 4180 positus

213 4198 287 4266 lerri
308 4203 360 4267 vix
380 4208 495 4286 potest.
528 4203 675 4283 XXVIII,
693 4205 722 4283 5,
741 4209 756 4269 1
774 4203 890 4269 Oceani
905 4201 1141 4277 difficultatibus
1155 4201 1336 4283 permeans.
