2842 4764
1190 248 1209 309 9

88 429 118 505 4,
138 431 174 490 11
200 421 319 508 placuit
332 444 362 506 p.
378 425 514 491 Parisios
530 446 637 495 omnes
653 428 796 492 transire.
833 429 893 494 Pro
909 431 1102 510 „homincs,“
1126 432 1210 512 quod

87 533 136 593 est
164 528 197 593 in
228 529 397 607 codicibus
432 549 451 592 a
480 528 721 595 Gardthauseno
756 532 955 596 emendatum
979 538 1027 598 est
1050 536 1209 612 „omnea“

87 632 172 713 quod
189 630 328 711 accipere
341 649 403 694 non
419 622 568 712 dubitavi,
592 652 665 697 nam
681 628 874 713 ,,1111111’111,“
897 636 981 715 quod
996 654 1052 716 pro
1070 637 1210 700 subiecto

88 734 303 815 accipiendum
326 740 418 810 esset,
442 739 551 814 aptum
575 754 701 800 sensum
725 755 788 801 non
810 738 950 818 praebet.
997 737 1098 819 XXII,
1123 741 1151 817 8,
1169 740 1209 823 33

89 835 303 913 Sauromatae,
325 856 356 916 p.
373 855 451 917 quos
474 856 581 901 amnes
603 837 713 903 fluunt.
752 843 800 918 15,
819 841 859 903 10
875 839 966 904 nullis
986 860 1016 920 p.
1034 842 1211 923 Aegyptum

90 939 180 1020 aquis
203 939 337 1004 externis
365 940 491 1004 adiutus
519 941 678 1006 eiectatur.
723 941 846 1022 XXIII,
872 946 906 1021 3,
933 945 947 1004 1
981 943 1128 1008 ducentes

90 1043 157 1106 viae
258 1042 346 1106 laeva
368 1061 398 1123 p.
421 1043 617 1107 Adiabenam
641 1051 672 1109 et
695 1045 863 1126 Tigridem,
887 1045 998 1110 dextra
1019 1065 1048 1127 p.
1067 1047 1211 1127 Assyrios

87 1150 120 1209 et
139 1145 333 1226 Euphraten.
380 1146 412 1223 3,
438 1150 456 1210 5
486 1165 516 1227 p.
542 1145 740 1211 Corduenam
773 1152 805 1211 et
832 1148 1020 1212 Moxoenam
1053 1148 1112 1212 sibi
1141 1165 1213 1212 111-

87 1252 257 1311 currerent.
304 1249 333 1326 5,
360 1250 398 1312 16
421 1248 475 1328 qui
496 1268 526 1330 p.
550 1249 690 1315 Albanos
713 1255 745 1314 et
767 1250 965 1332 Massagetas
987 1251 1066 1315 vidit
1081 1250 1212 1331 Caspios

86 1350 181 1414 lacus.
230 1355 259 1428 6,
282 1354 323 1426 41
347 1370 454 1416 amnes
476 1353 567 1416 multi
589 1372 619 1432 p.
644 1372 712 1417 eam
735 1353 921 1435 (Persidem)
944 1352 1078 1418 lnfluunt
1100 1354 1211 1418 stnum.

88 1452 201 1530 XXIV,
227 1455 256 1530 8,
280 1456 428 1517 Antrum
451 1473 507 1518 nos
530 1474 558 1535 p.
580 1455 742 1537 Assyriam
763 1457 877 1521 reverti
900 1462 1069 1522 censerent.
1114 1456 1211 1535 XXV,

89 1557 175 1633 4,13
200 1556 400 1620 exhortatum
424 1576 495 1621 eum
515 1557 645 1621 militem
668 1561 698 1638 1.
715 1563 874 1639 tepentem
888 1559 1049 1642 Assyriam
1069 1560 1212 1624 traxisse.

88 1657 206 1737 XXVI,
234 1660 266 1737 7,
291 1661 310 1723 9
340 1664 537 1724 transeuntes
566 1668 602 1741 1.Ι
626 1661 774 1725 Thracias
807 1666 939 1726 turmae.
986 1665 1017 1742 7,
1045 1664 1083 1726 13
1111 1654 1214 1726 Ι11111

91 1760 236 1846 (aditum)
260 1780 290 1842 p.
315 1761 471 1843 ripensem
493 1763 633 1842 Daciam,
661 1763 794 1827 alterum
816 1784 845 1845 p.
871 1763 984 1829 Succos
1008 1764 1212 1842 notissimum,
1337 1800 1338 1803 =

90 1865 218 1929 tertium
252 1883 282 1945 p.
316 1865 513 1937 Macedonas.
562 1870 594 1945 7,
633 1870 671 1933 13
706 1866 822 1931 Valens
855 1872 1015 1931 revertens
1048 1887 1077 1947 p.
1110 1866 1215 1930 Gallo·

90 1969 256 2049 graeciam.
308 1967 459 2048 XXVIII,
485 1971 519 2046 5,
546 1972 584 2034 15
612 1969 801 2034 Almaannos
832 1970 998 2052 adgressus
1028 1989 1057 2049 1.
1086 1968 1214 2032 Raetias

91 2070 293 2135 Theodosius

176 2174 264 2238 Haec
298 2182 372 2238 sunt
405 2174 509 2259 omnia
542 2192 641 2254 eaque
675 2192 732 2254 pro
766 2173 981 2255 magnitudine
1014 2173 1115 2254 operis
1153 2191 1215 2236 non

92 2276 190 2340 multa
217 2277 374 2358 exempla,
410 2277 440 2340 in
468 2277 581 2358 quibus
616 2280 712 2357 „per“
735 2281 890 2340 terrarum
911 2276 1087 2340 nominibus
1119 2293 1213 2340 sensu

92 2379 235 2460 originali
265 2380 445 2444 adiunctum
472 2379 666 2459 conspicitur.
713 2379 813 2442 Multo
839 2378 1065 2460 frequentiores
1097 2384 1169 2443 sunt
1190 2378 1214 2442 ii

91 2481 159 2552 loci,
176 2482 230 2546 ubi
584 2550 593 2563 ,

178 2586 212 2670 β)
248 2590 366 2665 „per“
401 2585 535 2649 eadem
568 2585 719 2649 ratione
752 2603 832 2649 curn
863 2585 1021 2650 aliorum
1049 2585 1214 2648 locorum

92 2687 307 2752 nominibus
345 2688 570 2752 conectitur.
629 2687 688 2752 His
725 2687 801 2751 locis
845 2689 931 2752 notio
975 2686 1215 2768 praepositionis
1318 2714 1324 2727 ·

93 2791 204 2855 eadem
226 2796 289 2870 est,
320 2796 415 2871 atque
438 2810 547 2871 supra,
578 2782 639 2855 nisi
661 2791 745 2871 quod
767 2789 861 2854 variis
883 2790 1056 2868 vocabulis,
1088 2789 1216 2869 quibus-

95 2911 163 2957 cum
198 2896 297 2974 „per“
328 2894 539 2974 coniungitur,
574 2893 724 2972 efficitur,
757 2899 793 2957 ut
819 2893 976 2956 interdum
1002 2892 1086 2956 idem
1112 2891 1216 2955 valeat

93 3014 130 3059 ac
151 3003 260 3061 nostra
281 2997 449 3076 vocabula,
479 3015 560 3078 quae
588 3002 661 3060 suut
691 2995 924 3075 „darttberhim
952 2994 1057 3075 ldngs,
1089 2993 1216 3058 11111111ι

93 3098 262 3163 Ρ11111111
298 3118 409 3164 moneo
447 3104 559 3180 „per“
596 3100 646 3163 hic
690 3117 784 3178 saepe
827 3096 974 3162 confundi
1018 3115 1087 3160 cum
1132 3096 1217 3160 nudo

93 3201 245 3281 ablativo,
283 3204 316 3267 id
351 3204 435 3284 quod
472 3222 533 3266 111
570 3203 684 3266 mirum
721 3207 784 3279 est,
813 3218 883 3264 cum
921 3202 1028 3280 „per“
1066 3197 1219 3278 significet

93 3306 261 3370 transitum
290 3305 321 3369 h.
339 3324 365 3370 e.
389 3306 486 3384 viam,
517 3325 580 3387 qua
602 3305 672 3385 quis
694 3304 736 3383 it,
766 3309 803 3368 ut
825 3303 986 3384 perveniat
1014 3303 1054 3366 ad
1083 3300 1219 3381 aliquem

93 3409 204 3473 locum.

179 3511 263 3590 XIV,
298 3514 333 3588 2,
364 3513 382 3576 6
416 3511 589 3592 periculose
622 3531 652 3591 p.
688 3527 788 3591 prona
822 3508 995 3587 discedunt.
1051 3505 1221 3570 Occasione

95 3615 170 3678 data
219 3633 330 3679 moneo
374 3614 528 3678 adiectiva
572 3617 604 3677 11
652 3611 817 3692 participia
861 3610 966 3674 neutri
1015 3609 1136 3691 generis
1189 3613 1222 3672 11

95 3717 246 3798 singulari
281 3722 313 3782 et
351 3717 464 3798 plurali
501 3735 634 3781 numero
676 3713 857 3795 saepissime
888 3713 927 3777 ab
961 3712 1129 3776 Ammiano
1164 3729 1220 3790 pro

99 3820 303 3885 substantivis
326 3819 471 3900 usurpari
494 3825 525 3884 et
548 3838 617 3883 cum
640 3815 926 3898 praepositionibus
950 3815 1102 3896 coniungi.
1149 3816 1178 3892 2,
1203 3817 1221 3878 9

96 3942 126 4004 p.
150 3921 305 3988 flexuosas
329 3923 457 3988 semitas
480 3923 521 3986 ad
544 3920 741 3986 summitates
765 3918 888 3983 collium
911 3918 1095 3981 evadebant..
1120 3918 1157 3994 3,
1185 3919 1222 3981 19

95 4026 251 4090 frumenta
279 4026 436 4090 vehebant
458 4044 488 4105 p.
512 4024 637 4088 flumen.
684 4023 718 4099 3,
742 4027 762 4088 4
789 4021 936 4085 invadere
959 4038 1073 4100 parans
1096 4037 1126 4100 p.
1151 4018 1224 4082 soli-

94 4128 219 4193 tudines
252 4129 439 4209 Aboraeque
474 4127 574 4191 amnis
607 4124 753 4189 herbidas
782 4124 875 4203 ripas.
930 4126 966 4201 6,
993 4127 1031 4188 16
1060 4141 1090 4202 1.
1120 4121 1224 4202 ampla

95 4233 198 4314 spatia
225 4231 311 4296 urbis
340 4231 569 4310 subversasque
599 4228 699 4292 silices
731 4229 945 4308 properantes.
996 4228 1032 4304 7,
1064 4229 1101 4290 16
1132 4241 1223 4305 prae·
