2842 4764
14 192 204 308 ”a

185 433 309 494 tantum
338 430 503 495 verborum
527 433 772 496 coniunctionem
797 437 966 514 „perque,“
996 452 1076 513 quae
1101 436 1195 500 octies
1224 437 1307 515 apud

185 531 308 596 Livium
331 533 480 609 (Wulsch.
497 553 527 616 p.
545 535 579 620 8)
602 536 771 615 invenitur,
796 535 879 616 apud
901 535 1102 600 Ammianum
1125 537 1306 618 saepissime

186 652 356 701 occurrere.

670 745 821 753 ——-——-·

667 892 789 973 Caput
802 893 835 957 ·I.

456 1014 499 1082 lle
523 1010 626 1099 „per“
650 1032 723 1084 cunr
739 1031 827 1083 casu
852 1015 1039 1083 coniuncto.

273 1128 400 1194 Servavi
421 1131 453 1193 in
475 1131 535 1195 hoc
557 1132 658 1212 capite
682 1133 813 1196 eandem
836 1132 1086 1212 dispositionem,
1118 1152 1212 1213 quam
1236 1141 1309 1199 sunt

187 1232 286 1295 secuti
301 1231 478 1296 Hensellius
502 1239 534 1297 et
551 1234 737 1313 Wulschius
759 1235 805 1298 ita
827 1239 862 1298 ut
884 1235 1018 1315 primum
1041 1255 1133 1317 agam
1156 1237 1194 1300 de
1208 1236 1307 1316 locali,

187 1334 299 1398 deinde
310 1334 530 1416 detemporali
543 1345 700 1417 postremo
713 1337 752 1401 de
764 1337 917 1402 translata
925 1339 1163 1419 praepositionis
1171 1340 1307 1404 notione.

437 1515 475 1588 Ᾱ.
510 1525 614 1606 „Per“
637 1525 768 1590 notione
791 1524 887 1590 lo'cali
908 1525 1058 1610 positum.

376 1663 403 1707 a.
437 1644 491 1708 De
524 1644 708 1726 originali
742 1645 1056 1726 praepositionis
1089 1646 1133 1714 vi.

275 1761 490 1855 Significatur³
517 1771 552 1829 ut
578 1766 640 1828 iam
664 1784 759 1845 supra
790 1765 867 1843 dini,
900 1765 1041 1846 originali
1071 1765 1310 1845 praepositionis

187 1866 218 1929 vi
246 1871 350 1931 motus
381 1886 417 1931 ac
443 1869 596 1933 transitus
627 1887 683 1949 per
713 1868 850 1934 medium
879 1867 1014 1948 aliquem
1042 1867 1152 1930 locum.
1198 1867 1310 1948 Itaque

187 1969 377 2049 praepositio
406 1973 521 2052 pendet
549 1972 732 2053 plerumque
762 1990 781 2035 a
807 1970 909 2065 verbis
932 1970 1077 2034 mouendi
1107 1987 1143 2034 ac
1171 1969 1311 2051 iungitur

188 2072 391 2138 substantivis
414 2080 469 2139 aut
484 2076 645 2140 adiectivis
667 2074 717 2138 vel
731 2073 903 2156 participiis
925 2073 1029 2137 neutri
1044 2073 1165 2154 generis
1180 2072 1310 2137 localem

188 2175 346 2239 notionem
370 2177 610 2243 continentibus
656 2177 808 2259 (Wulsch.
832 2196 861 2256 p.
887 2179 950 2255 13.)
997 2196 1000 2202 ·

122 2355 125 2360 g
276 2275 374 2358 Saepe
407 2281 562 2345 omittitur
596 2280 690 2345 eundi
723 2279 924 2357 vocabulum,
958 2279 990 2342 in
1024 2296 1086 2360 quo
1114 2279 1195 2342 ratio
1223 2298 1312 2360 prae·

189 2379 353 2459 positionis
369 2386 417 2446 est
432 2384 543 2463 posita,
568 2384 624 2447 sed
639 2382 804 2464 suppletur
818 2381 916 2460 facile,
940 2388 973 2446 ut
988 2388 1028 2445 ex'
1041 2382 1147 2446 multis
1163 2381 1312 2462 exemplis

187 2481 394 2563 intellegetur.
439 2485 533 2565 Apud
556 2486 678 2550 Livium
709 2487 797 2549 deest
819 2485 947 2548 verbum
977 2484 1122 2547 movendi
1149 2502 1211 2547 uno
1232 2484 1311 2548 loco.

190 2583 340 2665 (Wulsch.
364 2604 394 2665 p.
420 2587 483 2668 13.)

275 2686 336 2752 Sed
369 2690 432 2754 iarn
466 2690 655 2754 enumerabo
694 2708 800 2754 omnes
833 2690 917 2754 loc'os
951 2689 1012 2752 huc
1048 2688 1239 2768 pertinentes
1277 2705 1313 2750 ac

103 2810 112 2829 ·
190 2790 324 2871 primum
348 2793 475 2873 quidem
500 2792 627 2858 afferam

276 2897 319 2975 α)
358 2900 552 2961 terrarum
584 2895 890 2976 populorumque
923 2893 1089 2972 nomina,
1128 2894 1313 2974 quibuscum

190 3001 286 3078 „per“
309 2998 355 3062 ita
378 2998 575 3063 coniunctum
596 2999 720 3080 legitur.
767 2997 837 3062 Non
870 2997 982 3060 mirum
1005 3002 1069 3074 est,
1100 2997 1185 3076 quod
1215 3001 1313 3081 „per‘f

190 3101 377 3183 populorum
404 3102 580 3167 nominibus
612 3101 807 3181 adiungitur,
841 3118 914 3163 nam
945 3099 1088 3163 omnibus
1119 3099 1313 3180 temporibus

191 3205 342 3268 usitatum
364 3202 423 3268 fuit
444 3204 631 3285 populorum
654 3203 780 3269 nomina
801 3221 858 3283 pro
881 3201 982 3280 terris,
1006 3219 1084 3281 quas
1099 3200 1144 3264 illi
1165 3200 1312 3280 incolunt,

190 3308 273 3390 poni.
319 3307 467 3372 Ceterum
488 3314 537 3372 est
559 3307 746 3371 monendum
775 3305 859 3387 apud
880 3305 1003 3369 Livium
1027 3303 1103 3367 haec
1124 3303 1169 3367 ita
1191 3309 1315 3367 tantum

191 3414 343 3491 usurpata
364 3410 505 3488 inveniri,
528 3417 565 3475 ut
587 3410 694 3491 populi
709 3427 820 3473 nomen
843 3426 900 3488 pro
915 3413 1000 3471 terra
1021 3411 1165 3487 ponatur,
1188 3406 1248 3470 nisi
1263 3425 1315 3470 ex-

191 3519 256 3580 stat
278 3531 391 3577 nornen
413 3520 524 3578 terrae.
560 3512 711 3595 (Wulsch.
727 3531 758 3593 p.
777 3511 840 3594 17.)
874 3510 967 3590 Apud
989 3508 1187 3573 Ammianum
1210 3515 1316 3573 autem

190 3618 241 3682 hic
268 3636 345 3682 usus
373 3601 418 3682 ita
447 3615 669 3697 amplificatur,
704 3619 741 3679 ut
768 3615 864 3679 etiarn
894 3632 951 3693 pro
979 3611 1104 3675 urbium
1137 3611 1314 3675 nominibus

191 3719 297 3802 populi
330 3724 528 3800 usurpentur.
574 3719 668 3783 Velut
695 3717 827 3798 legimus
863 3734 962 3797 saepe
987 3715 1139 3796 „Parisii‘
1173 3714 1313 3797 (Paris),

192 3823 413 3904 „Vangiones‘
429 3821 590 3906 (nornis),
614 3821 805 3903 „Nemetae‘
822 3819 957 3901 (Speier)
978 3819 1110 3900 aliaque.

277 3926 362 4006 XIV,
388 3929 485 4006 7,19
513 3927 566 4008 qui
588 3945 618 4007 p.
649 3925 802 3989 minorem
824 3922 1003 3987 Armeniam
1031 3921 1139 4003 lapsus
1162 3919 1315 3985 Constan-

193 4029 355 4109 tinopolim
377 4029 464 4110 petit.
510 4028 578 4109 XV,
605 4030 653 4107 10,
682 4032 717 4092 ll
742 4025 901 4091 Hannibal
923 4044 952 4106 p.
976 4024 1150 4089 Tricasinos
1173 4027 1205 4086 et
1227 4039 1314 4085 oram

193 4133 234 4197 ad
263 4131 362 4196 saltus
389 4132 482 4196 venit.
539 4136 592 4210 11,
619 4134 658 4196 17
685 4130 856 4195 Rhodanus
888 4148 917 4209 p.
943 4127 1134 4209 Sapaudiam
1159 4125 1257 4190 fertur
1284 4128 1322 4212 et,

194 4235 364 4317 Sequanos.
409 4234 498 4313 xvi,
525 4238 578 4314 12,
606 4235 643 4299 ro
666 4233 853 4314 imperatore
875 4237 1007 4314 urgente
1029 4251 1058 4311 p.
1082 4228 1220 4293 Raetias.
1244 4224 1314 4307 XX,
