2842 4764
316 232 360 298 30

256 438 263 451 ·
316 400 407 484 nullo
424 420 507 485 vesci
537 420 649 485 dicitur
678 419 755 486 cibo.
799 419 899 501 XXX,
925 422 954 500 b,
981 423 1017 484 11
1034 420 1205 504 imperator
1226 440 1256 502 p.
1281 419 1421 485 continu

316 527 382 587 tres
397 542 437 588 m.
455 523 588 589 aestivos
603 542 692 588 arma
706 524 849 606 parabat.
883 521 1001 601 XXIII,
1025 525 1053 602 6,
1071 525 1112 590 34
1128 542 1167 588 ex
1181 541 1218 588 eo
1233 543 1263 605 p.
1279 520 1419 589 saecul

317 625 417 691 multa
432 626 473 691 ad
487 645 635 709 praesens
649 625 819 691 multitudo
835 626 965 690 deorum
985 624 1119 690 cultibus
1135 624 1305 690 dedicatur.
1326 623 1418 689 XXV

321 732 413 808 1,12
445 729 578 794 Romani
611 748 641 811 p.
664 747 689 794 s.
713 728 813 793 multa
847 727 987 793 obscuris
1021 726 1256 793 difficultatibus
1281 727 1421 809 implica

317 831 433 912 XXXI,
461 835 488 912 5,
514 834 553 897 11
575 831 658 913 pulsi
680 850 709 912 p.
733 830 875 913 longas
899 830 1053 895 siluerunt
1074 830 1258 895 immobiles.
1303 829 1389 908 XIX,

321 935 360 999 10
382 953 412 1015 p.
435 934 558 999 dierum
580 933 752 1016 spatium
776 937 897 1014 septem
918 932 977 997 viri
997 932 1097 1015 epulis
1119 932 1333 1015 indulgebant.
1356 931 1417 996 XX

319 1039 369 1115 12,
395 1040 433 1102 12
456 1041 610 1119 quantum
625 1035 728 1117 quiete
752 1039 784 1099 ct
806 1034 874 1099 cibo
897 1033 1063 1114 satisfuit,
1086 1034 1205 1099 tributo
1227 1054 1257 1116 p.
1274 1034 1375 1101 noctis
1397 1054 1421 1099 ιι

316 1144 428 1221 tegrae
462 1157 507 1217 s,
541 1141 709 1220 reparatur
729 1136 892 1219 proelium.
940 1139 989 1214 16,
1013 1140 1032 1202 6
1054 1157 1084 1219 p.
1109 1155 1133 1202 s.
1157 1138 1239 1202 vitae
1261 1137 1417 1219 longissio

316 1241 475 1324 impendio
498 1246 613 1306 castus.
657 1238 774 1318 XXVI,
800 1244 828 1319 1,
863 1239 901 1304 13
934 1258 965 1320 p.
989 1258 1070 1321 quae
1100 1241 1153 1324 (s.)
1177 1239 1341 1305 duodecim
1362 1239 1421 1305 sid

317 1363 388 1408 rum
410 1342 569 1408 domicilia
591 1341 639 1406 sol
660 1342 838 1407 discurrens
867 1342 943 1405 anni
965 1341 1128 1407 intervalla
1150 1341 1314 1408 concludit
1358 1342 1389 1406 X
1417 1349 1421 1370 ¹

317 1447 348 1525 6,
376 1449 414 1512 13
437 1445 464 1510 si
486 1466 516 1527 p.
534 1449 582 1509 tot
596 1444 719 1509 dierum
733 1443 868 1509 defueris
891 1449 1059 1527 tempus
1098 1445 1178 1525 „Tot
1193 1444 1335 1510 dierum“
1350 1462 1403 1510 rec

317 1552 354 1612 ut
375 1547 515 1627 videtur,
552 1547 682 1612 coniecit
703 1546 879 1612 Gronovius
901 1565 958 1628 pro
982 1547 1166 1629 „totidem,“
1200 1547 1284 1628 quod
1305 1546 1339 1611 in
1361 1563 1411 1612 co

317 1648 406 1716 cibus
427 1649 551 1741 legitur.
597 1649 681 1729 XVI,
706 1652 735 1730 8,
759 1653 778 1716 3
799 1669 830 1731 p.
854 1649 887 1713 id
908 1653 932 1714 1.
955 1685 998 1697 -
1028 1649 1153 1715 Danum
1175 1668 1254 1714 uxor
1274 1649 1413 1714 incusor

318 1752 534 1817 Temerarium
557 1757 607 1817 est
628 1752 791 1831 lacunam,
827 1769 908 1832 quae
941 1756 1045 1817 exstat
1067 1757 1139 1834 post
1161 1771 1240 1835 „per
1260 1751 1293 1815 id
1318 1756 1421 1834 temp

316 1853 365 1919 fer
388 1904 523 1920 .....
527 1858 545 1889 “
590 1854 734 1936 explere,
768 1872 842 1918 nam
876 1853 1031 1936 scriptura
1062 1855 1237 1936 priscarum
1271 1853 1413 1919 editionu

318 1956 439 2038 „fertur
459 1955 557 2022 fuisse
572 1957 673 2022 virum
689 1957 866 2038 quendam“
889 1955 1014 2021 defendi
1035 1975 1097 2021 non
1118 1962 1233 2039 potest.
1268 1956 1391 2038 Wagne
1416 1984 1420 2012 ι

318 2059 389 2139 (Ed.
404 2059 543 2126 Erfirrdt.
567 2060 608 2141 II,
628 2062 701 2137 198)
725 2059 836 2125 conicit
857 2058 942 2123 haud
964 2059 1070 2140 inepte
1092 2078 1149 2142 pro
1165 2058 1262 2140 „fer.“
1278 2058 1391 2140 legend

317 2181 388 2228 esse
413 2162 516 2252 ,1111ι
551 2162 603 2227 vel
637 2162 785 2242 ‚,lerme,“
820 2161 934 2226 deinde
966 2180 1040 2226 vero
1073 2162 1224 2227 excidisse
1252 2179 1366 2226 nomen
1396 2181 1416 2226 v

317 2265 480 2348 dignitatis
512 2265 562 2330 vel
594 2283 707 2330 nomen
739 2264 874 2329 hominis
899 2263 1078 2347 proprium.
1123 2264 1212 2345 XVI,
1250 2268 1303 2344 10,
1341 2267 1380 2329 12

317 2386 411 2433 omne
433 2373 457 2433 1.
472 2368 597 2449 imperii
612 2385 669 2434 nec
690 2368 723 2433 in
746 2384 926 2432 consessum
942 2366 1072 2432 vehiculi
1090 2385 1280 2449 quemquam
1297 2365 1418 2448 suscep'

317 2489 376 2535 nec
397 2517 405 2534 .
429 2521 437 2535 .
462 2520 501 2536 ..
535 2470 645 2551 XXII,
669 2474 706 2551 6,
732 2472 749 2534 1
772 2490 802 2552 p.
826 2471 886 2534 hoc
908 2469 991 2534 idem
1013 2476 1035 2534 t.
1059 2470 1209 2552 Aegyptii
1229 2488 1341 2535 venere
1363 2487 1421 2534 coo

318 2571 435 2655 plures.
478 2573 616 2651 XXVII,
651 2578 685 2653 1,
723 2573 895 2639 5111111111
917 2594 948 2655 p.
970 2573 1003 2637 id
1025 2578 1048 2637 t.
1071 2592 1156 2638 mors
1179 2571 1304 2641 Dioclis.
1354 2575 1402 2649 11,

320 2696 350 2758 p.
374 2675 452 2739 haec
472 2681 496 2741 t.
519 2675 663 2741 Vulcatio
685 2674 798 2740 Rufino
820 2675 964 2740 absoluto
986 2676 1050 2739 vita
1066 2725 1074 2739 .
1091 2725 1098 2739 .
1115 2722 1147 2740 ..
1171 2675 1292 2739 Probus
1315 2675 1396 2739 accit

319 2777 434 2858 XXIX,
460 2781 488 2858 2,
514 2781 530 2841 1
554 2798 585 2860 p.
608 2778 641 2843 id
665 2796 755 2843 omne
788 2782 811 2842 1.
834 2776 993 2842 Palladius
1015 2777 1151 2842 lacrimis
1173 2778 1320 2842 universa
1342 2795 1382 2859 pe

320 2881 411 2945 derat
432 2879 591 2946 luctuosis.
635 2879 750 2961 XXXI,
774 2885 804 2960 4,
828 2883 847 2945 9
870 2902 901 2964 p.
924 2879 956 2943 id
979 2884 1000 2945 t.
1025 2880 1124 2944 nostri
1153 2880 1261 2945 limitis
1294 2882 1417 2945 reserat

318 2983 460 3050 obicibus
493 3023 534 3033 -
567 2984 778 3066 potestatibus
810 2982 973 3065 praefuere
1006 2985 1216 3050 castrensibus
1252 3020 1303 3049 -.
1352 2986 1401 3064 16,

320 3088 459 3152 conversi
490 3092 564 3168 post
595 3087 674 3153 haec
706 3109 736 3170 p.
766 3105 858 3151 omne
891 3091 913 3151 1.
942 3088 1041 3153 noctis
1075 3088 1115 3152 sd
1148 3087 1311 3152 vulnerum
1345 3105 1410 3152 cur

320 3189 404 3269 XIV,
428 3192 456 3271 2,
483 3194 521 3257 13
545 3191 774 3256 circumstetere
795 3190 854 3254 hoc
877 3190 1105 3255 munimentum
1135 3213 1165 3273 p.
1188 3190 1374 3255 triduum
1411 3214 1421 3246 ·.

319 3293 558 3359 trinoctium.
602 3292 686 3372 XVI,
712 3295 770 3373 12,
810 3297 847 3358 19
880 3311 961 3357 unus
992 3293 1088 3374 pedes
1111 3297 1221 3375 captus
1243 3291 1392 3359 indicauit

320 3397 392 3461 trid.
416 3404 449 3460 et
470 3396 541 3462 trin.
564 3395 681 3461 flumen
703 3395 855 3461 transisse
878 3394 1060 3460 Germanos
1104 3394 1251 3475 XXVIII,
1276 3398 1305 3468 6,
1328 3396 1350 3458 4
1372 3413 1421 3459 su

320 3499 441 3563 urbano
463 3498 620 3563 uberrimo
642 3498 785 3563 insedere
808 3520 838 3581 p.
862 3496 933 3562 trid.

406 3602 464 3667 His
480 3602 630 3685 exemplis
648 3601 784 3683 adiungo
806 3619 912 3680 unum,
936 3600 969 3664 in
985 3619 1047 3682 quo
1063 3603 1160 3682 „per“
1183 3600 1266 3687 idem
1281 3598 1413 3683 signific

319 3704 405 3785 quod
428 3703 501 3768 alibi
525 3710 648 3786 ‚,post.“
686 3702 941 3769 Hassensteiuius
965 3720 1033 3766 cum
1056 3721 1158 3785 pauca
1180 3703 1218 3767 de
1242 3710 1337 3784 „per‘
1355 3722 1421 3786 pra

319 3807 473 3888 positione
507 3807 683 3890 disputaret
716 3808 761 3890 (p.
793 3807 867 3889 32),
901 3805 984 3869 huuc
1015 3824 1108 3870 usum
1141 3825 1217 3870 sane
1256 3804 1414 3886 singulare

319 3909 436 3991 omisit,
449 3929 639 3992 quamquam
648 3909 876 3974 Hudemannus
886 3908 1324 3990 (Quaestionesrlmmianeae,
1336 3908 1397 3972 Pro
1403 3934 1415 3983 2

319 4011 505 4096 Landsberg
527 4014 609 4097 11111.
657 4014 749 4079 1864.
780 4034 810 4095 p.
836 4012 890 4094 13)
921 4029 993 4075 eum
1020 4011 1122 4076 locum
1150 4011 1288 4076 breviter
1315 4011 1421 4075 adiro:

319 4121 423 4187 uerat;
445 4117 541 4182 verba
556 4121 661 4182 autern
676 4116 754 4180 haec
776 4119 863 4180 sunt:
887 4113 985 4193 XXX,
1002 4119 1031 4194 4,
1051 4118 1091 4181 13
1112 4115 1145 4179 in
1160 4133 1239 4196 quas
1263 4111 1394 4196 (foveas)

320 4222 433 4300 captus
445 4220 589 4285 ceciderit
603 4219 779 4301 quisquam,
794 4216 929 4283 nonnisi
944 4234 1001 4298 per
1016 4217 1115 4282 multa
1127 4216 1232 4282 exiliet
1247 4214 1356 4296 lustra,
1372 4216 1403 4280 h.
