2842 4764
1230 210 1270 274 33

142 392 356 477 perficeretur,
391 393 579 459 recentiores
612 394 874 477 praepositionem
907 411 1035 476 prorsus
1057 411 1114 476 pro
1138 393 1271 459 ablativo

143 501 385 578 usurpaverunt.

228 598 372 663 Primum
396 598 491 679 igitur
514 598 665 662 disseram

275 805 304 851 a.
340 786 388 851 de
419 785 728 851 instrumentali
755 785 1063 867 praepositionis
1093 786 1140 850 vi.

233 906 357 971 Localis
372 905 614 988 praepositionis
629 905 715 970 notio
739 906 781 970 ad
795 906 858 970 vim
880 905 1151 970 instrumentalem
1172 913 1275 972 trans-

150 1010 217 1076 lata
236 1010 361 1090 iudicat,
385 1015 422 1074 ut
442 1009 585 1074 Handius
608 1009 683 1073 dicit
709 1008 776 1092 (IV,
801 1013 893 1089 436),
916 1009 1053 1074 medium
1080 1009 1129 1074 vel
1158 1011 1274 1075 instru-

146 1117 290 1179 mentum
304 1112 355 1177 vel
370 1112 601 1191 adminiculum,
624 1130 679 1193 per
694 1112 779 1194 quod
793 1131 845 1177 res
861 1110 1021 1177 efficienda
1044 1113 1134 1195 quasi
1150 1114 1273 1194 transit,

144 1215 195 1281 vel
217 1220 255 1281 ut
269 1215 450 1280 Wulsohius
473 1223 514 1297 (p.
540 1215 593 1299 52)
618 1220 732 1294 censet,
757 1233 825 1279 eam
839 1215 932 1294 uam,
957 1233 1038 1297 quae
1059 1234 1116 1296 per
1137 1216 1273 1281 medium

148 1318 276 1401 aliquod
309 1319 351 1383 ad
383 1316 478 1382 finem
511 1317 580 1382 fert.
626 1317 671 1382 Ut
697 1316 841 1382 Handius
873 1317 1032 1399 perlucide
1065 1324 1097 1384 et
1129 1319 1272 1384 distincte

152 1420 290 1501 adnotat,
313 1419 450 1485 ablativo
474 1425 506 1485 et
526 1419 756 1501 praepositione
779 1419 859 1497 „ab“
884 1421 1007 1486 adiecta
1035 1419 1191 1487 indicatur
1212 1423 1274 1504 pri-

150 1523 249 1589 maria
270 1542 375 1602 causa,
399 1542 437 1587 ex
453 1541 515 1606 quo
531 1523 649 1605 aliquid
665 1523 774 1603 oritur,
797 1524 1028 1604 praepositione
1050 1530 1147 1607 „per‘
1171 1531 1276 1591 autem

151 1645 202 1708 ea,
224 1644 288 1709 qua
309 1626 522 1691 intercedente
554 1625 603 1690 vel
632 1626 800 1690 accedente
831 1625 950 1708 aliquid
982 1625 1032 1707 fit;
1067 1647 1161 1711 quem
1184 1648 1276 1694 usum

152 1748 214 1794 non
234 1728 336 1794 solum
357 1728 399 1793 ad
420 1728 517 1792 verba
538 1728 663 1810 passiva
695 1728 752 1792 sed
784 1728 824 1793 ad
855 1730 961 1793 omnia
987 1747 1056 1794 esse
1076 1729 1274 1795 referendum

149 1850 211 1899 non
231 1833 338 1898 minus
358 1837 469 1898 notum
491 1837 549 1913 est,
573 1850 669 1914 quam
691 1832 748 1897 has
770 1832 848 1896 duas
863 1832 1001 1897 rationes
1025 1851 1119 1914 saepe
1140 1835 1222 1898 inter
1241 1853 1276 1900 se

149 1952 218 2002 esse
240 1938 458 2015 commutatas,
492 1933 537 1999 ita
558 1939 663 1998 tamen
685 1938 721 1998 ut
755 1938 852 2015 „per“
886 1952 978 2016 saepe
1000 1953 1057 2016 pro
1089 1940 1164 2015 „a,“
1186 1955 1276 2000 num·

148 2056 245 2122 quam
279 2041 342 2119 „r“
375 2055 431 2119 pro
465 2040 562 2119 ‚‚1)er“
594 2037 727 2118 legatur.
780 2035 830 2121 (ci.
864 2037 1011 2119 Draeger.
1056 2038 1088 2102 1²
1121 2059 1151 2121 p.
1186 2042 1273 2121 624).

149 2137 210 2205 ted
229 2138 300 2206 iam
319 2157 467 2204 enumero

233 2240 270 2326 α)
310 2240 486 2323 exempla
536 2241 846 2324 praepositionis
898 2260 977 2306 cum
1020 2261 1275 2324 personarum

150 2345 371 2411 nominibus
393 2344 644 2426 compositae,
670 2345 711 2409 ad
726 2364 807 2427 quae
818 2346 1083 2426 praepositionem
1107 2350 1202 2429 „per“
1218 2366 1275 2429 pro

153 2450 210 2527 ‚,u“
232 2466 298 2513 non
319 2465 392 2513 raro
415 2466 484 2512 esse
507 2447 678 2512 adhibitam
708 2454 920 2530 cognoscetur.
966 2449 1170 2533 Tripartitam
1192 2450 1280 2516 Hen-

156 2550 230 2617 sellii
252 2550 489 2634 dispositionem
512 2553 640 2628 servavi,
662 2552 771 2633 itaque
793 2552 927 2633 primurn
950 2570 1066 2633 ponam

239 2658 271 2739 1)
306 2674 350 2722 ea
372 2655 560 2737 exemplo,
584 2655 778 2738 inquibus
803 2656 1054 2738 coniungitur
1069 2661 1175 2738 „per“
1199 2676 1279 2721 cum

147 2758 377 2825 >nominibus
399 2758 584 2841 propriis.

236 2860 322 2942 XIV,
346 2863 376 2943 8,
401 2864 441 2927 15
464 2861 594 2927 exuviae
619 2861 652 2926 in
673 2861 783 2927 urbem
799 2862 948 2928 advectae
972 2865 1045 2926 suut
1065 2880 1096 2941 p.
1115 2860 1277 2926 Catonem.

167 2958 226 3044 XV,
247 2966 296 3045 12,
320 2968 340 3031 5
361 2964 423 3029 hae
444 2965 587 3047 regiones
609 2965 711 3046 primo
733 2969 906 3045 temptatae
928 2986 958 3047 p.
980 2963 1139 3041 Fulvium,
1164 2963 1278 3027 deinde

172 3072 323 3147 quassatae
354 3086 386 3148 p.
422 3065 575 3146 Sextium,
611 3067 652 3131 ad
687 3066 832 3131 ultimum
867 3087 896 3150 p.
935 3067 1065 3132 Fabium
1103 3064 1277 3129 Maximum

174 3164 301 3235 domitae.
344 3169 430 3249 XVI,
454 3172 483 3249 8,
508 3173 527 3237 3
551 3190 612 3253 quo
635 3170 793 3234 indicante
816 3170 969 3252 quaedam
993 3169 1116 3251 cognita
1137 3187 1167 3249 p.
1191 3165 1279 3232 Gau-

103 3286 105 3291 ·
176 3264 303 3337 nauum.
347 3271 433 3352 XIX,
458 3273 534 3352 9,5
568 3292 599 3354 p.
628 3271 870 3354 Tampsaporom
904 3273 1015 3337 ducem
1049 3269 1278 3352 supplicaverat

177 3372 235 3453 regi
259 3376 296 3456 ’9,
311 3378 338 3441 9.
346 3374 476 3458 triginta
489 3375 576 3441 milia
589 3376 728 3458 perdidit
742 3375 938 3455 bellatorum,
963 3392 1044 3457 quae
1057 3372 1151 3456 paulo
1167 3375 1278 3455 postea

180 3488 204 3551 l·
219 3472 361 3543 Discenen
383 3484 548 3543 numerata
571 3484 653 3544 sunt.
698 3478 784 3559 XXI,
812 3481 839 3558 1,
863 3482 883 3543 4
915 3477 1004 3559 parri
1035 3476 1160 3557 habitis,
1195 3493 1277 3556 quae

182 3587 205 3651 l·
220 3574 349 3646 Leonam
363 3579 566 3647 Constantius
588 3581 765 3663 scripserat.
804 3579 905 3660 XXII,
930 3583 959 3661 8,
988 3583 1026 3645 12
1051 3578 1149 3644 coloni
1164 3576 1278 3642 Milesii

114 3678 122 3701 '
183 3669 287 3747 iniria
306 3701 337 3765 p.
358 3680 484 3749 Nileum
517 3683 616 3748 multo
652 3688 725 3748 ante
758 3682 860 3748 locati.
906 3687 936 3764 8,
966 3686 1008 3749 49
1031 3681 1208 3747 nuntiatum
1230 3686 1279 3745 est

185 3793 209 3856 l·
224 3782 374 3867 Agilonem
396 3792 429 3853 et
449 3786 585 3853 Jovium.
631 3790 659 3867 9,
685 3791 703 3852 5
730 3805 760 3866 p.
796 3783 971 3866 Scipionem
1005 3784 1151 3850 Nasicam
1182 3781 1278 3846 simu-

186 3875 279 3953 lwum
303 3890 492 3957 translatum
520 3895 568 3955 est
600 3889 742 3954 Romam.
786 3887 905 3968 ΧΧΠΙ,
930 3893 962 3968 6,
994 3892 1013 3952 7
1047 3887 1123 3953 satis
1156 3890 1279 3950 constat

187 3979 248 4054 hunt
273 3998 395 4075 gentem
421 3993 619 4059 imminutam
651 3993 751 4074 primo
784 4011 814 4072 p.
839 3989 963 4073 Cyrum.
1007 3990 1104 4069 XXV,
1128 3990 1156 4069 9,
1182 3990 1221 4054 11
1246 4010 1277 4071 p.

190 4083 308 4161 lilinum
326 4095 360 4161 iu
379 4095 529 4162 Numidia
551 4096 682 4161 sceleste
703 4112 780 4178 pace
808 4094 952 4175 cogitata.
1007 4091 1137 4169 XXVII,
1163 4091 1213 4171 12,
1240 4096 1280 4159 10
1308 4150 1311 4157 .

191 4204 215 4267 l·
229 4190 390 4265 laudun
411 4199 520 4266 ducem
547 4199 629 4265 Para
650 4199 809 4263 reducitur
835 4196 868 4260 in
894 4195 1084 4260 Armeniam.
1127 4193 1279 4276 XXVIII,
1371 4260 1377 4275 ,

1076 4314 1092 4368 3
