2842 4764
610 447 670 514 Gir.
708 447 808 516 eitra.

229 549 323 634 „Gis“
346 551 437 616 locali
458 555 582 631 tantum
605 550 830 634 significatione
851 553 976 636 legitur.

222 653 348 718 ¹Eodem
376 655 469 719 modo
508 653 653 737 „citra.“
709 655 875 721 Translata
908 662 1014 723 autem
1048 658 1272 740 significatione

143 756 272 838 ponitur
298 775 355 838 pro
380 757 502 834 „sine:“
525 756 611 838 XIX,
638 762 666 837 7,
690 761 709 822 7
732 763 768 822 ut
790 758 916 840 quidam
941 777 965 827 c.
989 760 1153 825 vulnerum
1174 780 1272 828 noxas

142 857 320 924 interirent.
344 845 347 851 ’
365 859 472 940 ΧΧΠ,
493 861 521 940 Ι,
539 861 558 925 5
582 879 606 926 c.
630 878 718 942 spem
740 861 857 927 veniae.

630 1017 678 1062 r.
830 1047 838 1063 .

230 1096 366 1180 ,‚Illtra“
384 994 828 1183 οοηίιιηςίιυτᾞιῐῗεὴιῐῖξῗιιξ
840 1102 1000 1169 adiectivis
1018 1104 1120 1169 neutri
1138 1108 1270 1186 generis

143 1200 302 1284 Exemplis
331 1201 371 1266 ab
398 1201 633 1268 Hasseusteinio
662 1203 707 1287 (p.
731 1207 786 1288 27)
817 1204 919 1270 allatis
950 1205 1049 1272 addo:
1072 1226 1103 1272 u.
1127 1208 1273 1290 apposita

143 1304 212 1384 xv,
241 1307 274 1383 a,
304 1309 332 1367 r.
377 1304 530 1384 xxviii,
560 1307 594 1386 1,
624 1309 675 1377 aa.
720 1327 750 1371 u.
780 1306 1173 1390 moderanturque.

231 1407 278 1471 De
302 1408 439 1488 „trans“
462 1402 693 1490 praepositione
714 1411 791 1475 nihil
812 1411 922 1491 babeo,
946 1411 1030 1492 quod
1052 1430 1205 1478 moneam.

471 1562 570 1629 Circa.
616 1563 752 1630 dimum.
796 1563 940 1632 dimiter.
1003 1536 1010 1551 ⁹

231 1664 364 1746 ,‚Ciroa“
403 1666 476 1731 inde
509 1666 714 1732 aGiceronis
750 1669 877 1733 demum
914 1671 1024 1732 aetate
1050 1687 1108 1750 pro
1141 1686 1274 1751 praepo·

145 1767 258 1833 sitione
285 1774 471 1850 usurpatum
502 1770 669 1835 adhibetur
695 1771 735 1834 ab
765 1771 929 1836 Ammiano
958 1788 1019 1857 non
1049 1770 1150 1836 solum
1177 1771 1274 1854 signi·

144 1868 227 1935 ficat
204 1876 289 1935 tione
310 1870 419 1950 locali,
450 1872 566 1936 sedt
529 1891 551 1936 e
552 1872 630 1938 tiam
654 1873 910 1955 temporaliett
860 1872 1118 1953 tttranslaa,t
1081 1879 1118 1937 ut
1138 1873 1290 1955 primum·

147 1973 230 2055 apud
254 1972 364 2038 Horat
342 1979 431 2038 trum.

230 2075 314 2140 Det
300 2081 442 2157 tempore
464 2076 539 2158 legit
539 2095 593 2140 ur·
618 2029 734 2156 XXVI,
759 2080 787 2156 5,
811 2080 879 2143 8c.
901 2077 934 2142 id
956 2072 1088 2159 tempus.
1125 2072 1273 2155 X,XVIII

149 2180 178 2255 1,
201 2180 290 2243 260
314 2178 372 2242 hos
396 2178 497 2243 dies.

233 2279 403 2362 Significat
394 2287 501 2345 ronet
488 2281 643 2345 translata
656 2285 791 2363 usurpat
791 2300 829 2345 ur
851 2286 884 2345 et
906 2282 945 2346 de
968 2282 1064 2346 animi
1086 2281 1274 2363 cogitatione

123 2384 187 2448 'ad
211 2383 347 2464 aliquam
370 2403 437 2448 rem
460 2384 614 2448 relattae
637 2383 749 2447 det
698 2388 749 2447 act
749 2382 820 2448 ione
843 2401 880 2448 ac
901 2401 980 2464 nego
983 2383 1042 2462 tio,
1065 2383 1096 2448 in
1119 2402 1181 2465 quo
1204 2383 1274 2465 quis

146 2492 302 2551 versatur:
326 2486 444 2564 XVIII,
467 2491 496 2566 5,
523 2490 588 2551 lc.
612 2485 776 2550 ratiocinia
798 2486 992 2551 versabatur.
1037 2486 1130 2567 XXI,
1155 2488 1184 2566 6,
1208 2488 1274 2553 20.

148 2588 227 2654 haec
242 2589 349 2653 lenior.
391 2591 440 2667 16,
466 2597 481 2655 l
505 2590 583 2653 nihil
605 2607 630 2654 c.
653 2588 853 2654 administt
788 2594 853 2654 ttra
854 2590 960 2654 ionum
982 2596 1131 2671 augment
1132 2609 1151 2654 a
1165 2589 1276 2655 novari

147 2704 324 2775 perpessus.
369 2691 493 2771 XXIX,
516 2693 552 2772 4,
578 2695 594 2755 l
625 2691 782 2757 sollertiae
812 2712 837 2757 c.
860 2710 927 2757 rem
957 2692 1113 2775 publicam
1140 2710 1276 2773 usquam

148 2794 359 2876 digredientis.
384 2794 501 2874 XXXI,
520 2798 568 2874 15,
585 2796 604 2861 8
621 2813 648 2859 c.
667 2795 911 2877 extinguendum
926 2795 1103 2860 incendium
1118 2792 1276 2876 distringi·

148 2903 201 2962 tur
222 2896 399 2962 multitudo.

211 3001 321 3083 Neque
355 2999 528 3083 „circum‘
559 3019 661 3082 neque
696 2999 880 3083 „circiter“
903 3018 960 3082 pro
991 2996 1275 3081 praepositionibus
1396 3086 1402 3097 ⁶

148 3122 317 3185 usurpasse
329 3103 451 3168 videtur
462 3103 655 3170 Ammianus

235 3324 425 3407 Saepissime
447 3324 616 3406 apponitur
639 3324 719 3401 „ab“
745 3324 869 3389 urbium
891 3321 1083 3402 nominibus,
1111 3339 1213 3403 neque
1235 3321 1277 3386 ad

149 3428 419 3493 circumiacentem
442 3427 600 3510 regionem
624 3427 729 3492 omnia
756 3432 830 3491 sunt
851 3423 1023 3489 referenda.
1068 3422 1137 3502 XV,
1162 3425 1190 3503 9,
1215 3425 1277 3488 la
1410 3480 1417 3495 ,

150 3530 294 3595 Phocaea
315 3530 547 3612 Italiam‘petit.
585 3529 693 3594 XVIII
700 3554 710 3608 ·,
734 3533 767 3608 9,
791 3533 810 3596 3
833 3547 911 3611 quos
939 3527 1079 3610 empisse
1102 3545 1121 3590 a
1144 3524 1276 3606 Singara

150 3633 325 3715 Persasque
346 3632 529 3698 trucidasse.
566 3631 681 3710 XXIV,
705 3634 734 3711 4,
759 3632 797 3695 31
822 3648 1007 3713 progressus
1030 3648 1049 3693 a
1072 3628 1276 3712 Ctesiphonte

150 3754 219 3800 cum
253 3735 458 3818 optimatibus
491 3740 523 3799 et
552 3734 752 3800 multitudine
785 3738 915 3798 armata.
959 3731 1079 3810 XXVI,
1110 3737 1139 3811 6,
1171 3733 1213 3797 20
1235 3730 1276 3795 ab

149 3839 265 3904 Emesa
301 3838 525 3920 Heliogabalus
562 3838 657 3903 exivit
694 3836 880 3902 Antoninus.
934 3839 972 3915 7,
1006 3838 1025 3900 2
1059 3834 1224 3900 Valentem
1258 3850 1299 3919 a¹

151 3941 305 4008 Caesarea
321 3941 542 4024 Cappadocum
558 3939 780 4024 proiecturum.
820 3940 850 4018 Ι,
872 3941 912 4004 14
926 3937 1096 4020 Procopius
1118 3956 1138 4003 a
1160 3936 1278 4001 Nicaea

150 4065 321 4128 regressus,
344 4045 476 4126 aliaque.

237 4149 339 4214 Semel
361 4147 445 4212 idem
469 4145 642 4230 significare
664 4144 795 4225 videtur,
819 4144 903 4227 quod
926 4161 1075 4226 persaepe
1099 4148 1177 4222 ,ex“
1200 4141 1232 4208 h.
1249 4160 1275 4208 e.

150 4271 238 4331 eum,
262 4251 316 4332 qui
346 4264 407 4332 quo
435 4268 563 4315 munere
585 4247 709 4313 binetus
733 4252 790 4312 est.
834 4246 900 4327 XV,
925 4245 958 4323 3,
981 4251 1002 4312 4
1023 4246 1073 4311 bic
1094 4265 1114 4312 a
1135 4244 1277 4312 ministro
