2842 4764
1233 207 1273 272 31

116 395 250 471 ,exihet
278 395 385 460 multis
414 393 521 460 lustris
550 394 685 477 peractis
712 393 760 458 vel
787 400 860 476 post
888 394 988 460 multa
1022 394 1130 460 lustra.
1175 388 1274 458 trans·
1403 406 1412 418 ·

142 515 180 563 θθ
202 515 287 562 Illinc

165 683 197 748 b.
231 682 278 748 ad
300 681 384 746 alia
406 680 559 746 nomina
582 668 858 761 enumeranda,
884 680 1120 762 quibuscum
1144 688 1252 764 ,per“
1357 660 1363 673 ’

289 783 594 867 significatione
616 784 839 867 temporali
861 784 1123 866 coniungitur.

235 904 295 970 Hic
329 904 572 988 praepositionis
608 922 684 968 usus
720 908 835 984 exstat,
870 909 905 969 ut
938 903 1002 968 iam
1028 921 1125 986 supra
1156 902 1273 981 monui,
1365 919 1374 935 ·

148 1008 293 1074 omnibus
314 1008 526 1089 temporibus,
561 1005 697 1071 maxime
720 1017 825 1071 autem
847 1006 932 1088 apud
953 1005 1139 1088 posterioris
1160 1005 1274 1070 aetatis

147 1111 328 1193 scriptores.
373 1110 422 1174 Ex
443 1109 609 1174 Ammiano
641 1127 697 1191 pro
728 1127 842 1190 magno
864 1109 1015 1174 librorum
1038 1126 1167 1173 numero
1188 1106 1275 1173 haud

143 1210 193 1278 ita
214 1212 314 1278 multa
335 1212 515 1277 huiusmodi
538 1211 680 1294 exempla
703 1210 821 1292 collegi.

233 1314 301 1395 XV,
325 1316 355 1395 8,
380 1315 399 1379 3
422 1319 494 1397 post
515 1315 614 1379 multa
636 1335 667 1396 p.
684 1314 990 1378 deliberationes
1013 1311 1176 1394 ambiguas
1199 1310 1274 1375 acti·

147 1422 226 1484 tata
268 1416 385 1496 XVHI,
409 1421 438 1496 ⁶2,
464 1419 505 1482 14
528 1417 583 1499 qui
597 1416 754 1498 (Romani)
770 1421 845 1481 tunc
859 1434 978 1497 perque
1001 1414 1274 1499 expeditiones

145 1519 337 1604 praeteritas
370 1518 415 1585 ibi
445 1519 587 1584 levamen
618 1537 741 1584 sumere
780 1519 924 1584 laborum
958 1518 1185 1600 opinabantur,
1219 1517 1275 1582 ubi

145 1622 345 1705 contingeret
366 1659 417 1684 —.
454 1621 571 1702 XVIII,
595 1623 624 1701 6,
651 1625 689 1687 12
710 1620 800 1704 lapso
816 1644 846 1705 p.
870 1620 999 1703 lugam
1014 1621 1151 1686 domino.
1174 1619 1274 1697 XXV,

145 1728 177 1805 9,
210 1726 230 1788 3
263 1724 482 1790 ConstantIum
521 1724 692 1790 deductum
734 1729 893 1807 postremo
926 1742 957 1806 p.
990 1722 1012 1789 I.
1042 1724 1083 1788 ad
1116 1721 1268 1787 Hibitam.

144 1825 233 1908 XIV,
258 1829 366 1906 11,17
383 1848 414 1910 p.
430 1827 612 1892 indutias
634 1831 766 1891 naturae
782 1825 1026 1908 conquiescentis
1049 1823 1275 1889 sauciabantur

144 1928 213 1995 eius
248 1947 370 1995 sensus.
416 1927 516 2009 XVII,
549 1930 580 2010 3,
615 1931 631 1993 1
667 1950 697 2011 p.
721 1929 837 1993 ilicet
873 1927 1052 2009 negotiosas
1089 1931 1121 1991 et
1158 1926 1271 1992 breves

143 2032 268 2097 damnis
291 2032 409 2096 mederi
430 2050 524 2114 posse
546 2031 702 2097 credebat.
747 2029 847 2109 XXV,
871 2033 900 2108 7,
928 2031 965 2095 13
989 2026 1107 2109 nequid
1129 2027 1273 2091 commit·

143 2139 269 2200 teretur
290 2156 321 2217 p.
344 2133 366 2199 i.
401 2134 591 2199 contrarium
624 2134 733 2216 pactis.
778 2131 908 2210 XXVII,
933 2133 1005 2208 9,7
1041 2152 1072 2213 p.
1107 2128 1127 2194 i.
1162 2147 1273 2212 pacem

144 2236 205 2305 sibi
228 2237 325 2302 tribui
348 2242 567 2320 poposcerunt.
613 2235 694 2301 Nam
724 2236 765 2300 ad
785 2234 936 2316 temporis
969 2232 1107 2316 spatium
1140 2251 1202 2297 non
1232 2231 1274 2297 ad

144 2340 310 2419 rationem,
335 2359 398 2421 qua
419 2358 527 2422 pacem
549 2336 616 2403 fieri
642 2338 796 2418 volebant,
830 2336 1027 2402 referendum
1049 2337 1173 2401 videtur
1195 2353 1274 2418 „Per

143 2442 315 2508 indutias.“
362 2443 483 2507 Eodem
506 2443 601 2506 modo
634 2441 750 2520 XXIX,
776 2444 803 2521 5,
827 2443 868 2506 37
903 2440 991 2505 dedit
1011 2439 1156 2504 hostibus
1177 2437 1272 2503 lacul-

145 2550 247 2631 tatem
269 2567 300 2628 p.
317 2546 337 2611 i.
352 2546 425 2611 licet
446 2546 555 2611 breves
577 2545 768 2626 Aethiopum
790 2543 985 2609 adminiculis
1000 2543 1118 2625 augeri.
1155 2541 1271 2623 XXXI,

146 2651 177 2729 2,
213 2651 251 2714 11
286 2670 318 2731 p.
350 2648 371 2713 i.
406 2647 494 2713 infidi
525 2648 748 2713 inconstantes.
791 2647 876 2726 XIV,
907 2649 964 2727 11,
992 2650 1030 2713 13
1062 2665 1166 2728 nequo
1199 2664 1273 2711 casu

146 2747 258 2815 Gallus
280 2749 400 2832 agitare
422 2751 578 2832 quaedam
600 2771 629 2833 p.
663 2749 812 2815 itinera
837 2753 1012 2814 conaretur.
1057 2748 1176 2822 XVIII,
1200 2750 1229 2825 5,
1252 2749 1271 2812 6

146 2851 222 2917 dum
244 2851 323 2918 haec
345 2853 435 2933 quasi
457 2875 488 2936 p.
522 2853 651 2918 lustra
683 2857 820 2935 aguntur
841 2856 873 2917 et
895 2870 1057 2931 scaenam,
1091 2851 1122 2913 h.
1147 2869 1173 2915 e.
1198 2851 1273 2914 dum

145 2953 224 3020 haec
244 2955 298 3019 ita·
312 2960 449 3037 aguntur
470 2960 506 3019 ut
528 2974 585 3037 per
607 2955 706 3020 lustra
732 2961 764 3020 et
795 2973 938 3019 scaenam
961 2952 1029 3019 fieri
1051 2953 1138 3018 solet
1185 2952 1271 3032 XIX,

146 3059 176 3135 8,
204 3062 219 3123 1
244 3076 353 3122 somno
377 3080 407 3141 p.
430 3058 524 3123 breve
546 3057 668 3122 otium
691 3063 793 3140 capto.
838 3057 906 3136 XX,
932 3061 961 3134 8,
987 3061 1001 3120 l
1027 3074 1160 3137 quarum
1185 3053 1272 3136 (legi-

146 3161 257 3244 onum)
291 3160 442 3224 statariae
472 3179 597 3242 pugnae
630 3182 661 3243 p.
684 3159 852 3225 orientales
885 3160 1111 3241 procinctus
1146 3156 1271 3239 saepius

147 3263 316 3328 eminuere.
362 3261 399 3325 In
421 3262 573 3327 Vaticano
597 3262 701 3327 codIce
725 3266 922 3340 „enimuero‘
937 3260 1148 3343 superscripto
1177 3259 1270 3334 „emi-

147 3371 259 3429 cuere“
283 3363 406 3445 legitur,
432 3365 629 3441 „eminuere“
654 3366 790 3431 restituit
813 3365 1081 3430 Gardthausenus.
1119 3362 1217 3441 XXV,
1240 3365 1270 3441 4,

147 3466 169 3529 4
190 3489 220 3550 p.
245 3466 348 3531 varios
371 3487 418 3550 pr.
442 3472 529 3533 stans
552 3468 710 3533 interdum
732 3468 835 3533 cibum
857 3485 982 3533 sumere
1002 3466 1171 3532 visebatur.
1201 3464 1269 3544 XX,

147 3568 177 3648 3,
202 3571 221 3632 7
245 3587 437 3650 quamquam
459 3570 519 3634 hoc
541 3592 571 3653 p.
596 3589 686 3635 omne
707 3570 969 3654 plenalunium
992 3588 1117 3652 semper
1139 3567 1270 3632 evenIat.

146 3672 232 3755 XIX,
257 3677 286 3754 9,
311 3677 330 3740 9
353 3693 408 3738 rex
421 3680 573 3758 reputans
589 3675 755 3758 amphores
771 3694 805 3740 se
821 3673 953 3757 populos
969 3672 1152 3757 perdidisse,
1176 3689 1272 3752 quam

148 3777 303 3842 enostrIs
325 3797 355 3860 p.
378 3777 516 3843 diversas
539 3777 664 3844 fuderat
686 3796 842 3861 pugnas.
886 3776 1017 3855 XXVII,
1041 3778 1071 3852 9,
1096 3779 1112 3840 1
1137 3794 1166 3856 p.
1191 3791 1272 3855 pro·

148 3895 287 3944 cursus
321 3880 520 3946 audentIores
554 3886 586 3946 et
608 3880 724 3946 crebris
759 3879 905 3945 caedibus
939 3884 971 3944 et
1000 3878 1119 3960 rapinis
1151 3876 1272 3941 intenta

148 3980 328 4063 (barbarica
349 3982 477 4067 rabies).
522 3983 607 4062 XVI,
632 3987 660 4062 5,
686 3985 726 4048 10
760 4000 831 4046 cum
852 3985 952 4046 artem
974 3979 1165 4044 modulatius
1188 3978 1271 4044 incc-

148 4083 242 4149 dendi
275 4108 305 4169 p.
341 4086 563 4169 pyrricham
585 4086 727 4151 disceret.
771 4086 840 4165 XV,
874 4087 904 4164 3,
939 4087 958 4149 5
992 4083 1019 4148 si
1042 4104 1073 4165 p.
1096 4082 1271 4163 quietem

150 4187 316 4269 quisquam
330 4185 445 4253 vidisse
460 4187 580 4268 aliquid
602 4186 702 4253 amico
725 4191 893 4253 narrasset.
925 4189 954 4266 6,
978 4188 997 4250 2
1031 4202 1093 4266 quo
1121 4184 1270 4266 (somnio)
