2842 4764
150 237 193 301 44

113 464 119 477 ·
144 429 257 488 ‘autern
281 423 365 505 apud
384 423 582 505 posteriores.
617 422 764 489 Ceterum
786 423 1042 490 Hassensteinius
1065 442 1135 489 cum
1158 424 1276 490 causali

149 525 390 609 praepositionis
413 545 473 591 usu
494 531 579 591 recte
601 525 720 592 confert
742 544 889 608 graecum
904 527 968 606 διά,
993 526 1077 609 quod
1099 526 1274 608 utriusque,

149 629 188 694 h.
204 647 229 692 e.
259 647 317 710 per
347 634 379 694 et
410 634 553 711 propter,
587 630 827 711 praepositionis
861 629 1016 694 rationem
1048 628 1273 712 complectitur.

149 731 288 796 Primum
309 731 405 814 igitur
426 731 579 797 disseram
1282 726 1288 737 ’

145 880 148 887 Α
234 834 268 917 α)
292 835 336 898 dc
358 834 618 900 substantivis
642 852 720 899 cum
744 840 857 916 ‚rpcr“
882 834 1026 915 causali
1048 833 1273 901 coniunctis

145 937 216 1017 -XV,
241 939 277 1016 3,
304 943 319 1003 1
351 937 474 1002 vivendi
497 955 601 1002 moras
623 957 653 1019 p.
677 956 877 1002 aerumnas
901 937 1048 1003 detestati
1075 937 1273 1020 multiplices.

147 1040 232 1120 XIX,
258 1043 286 1121 8,
311 1045 330 1108 8
353 1059 382 1121 p.
407 1044 552 1104 aestum
575 1040 664 1104 an'da
686 1039 738 1105 siti
759 1045 928 1122 reptantes.
975 1039 1077 1121 XXII,
1103 1043 1152 1120 15,
1176 1042 1195 1105 6
1219 1041 1273 1123 qui

148 1143 292 1228 (imbres)
321 1142 518 1208 abundantes
548 1143 580 1206 in
603 1142 755 1208 tractibus
778 1143 838 1208 illis
865 1163 896 1225 p.
920 1162 966 1208 ae.
993 1143 1129 1208 torridos
1158 1143 1271 1208 cadere

149 1249 371 1310 memorantur.
408 1244 492 1323 XIV,
518 1248 551 1324 7,
577 1247 595 1311 5
619 1264 699 1327 quae
721 1245 854 1331 (inedia)
879 1267 908 1328 p.
931 1244 1045 1310 multas
1067 1243 1271 1328 difficilesque

149 1366 285 1414 causas
319 1345 426 1412 adfore
459 1346 522 1423 iam
555 1347 750 1428 sperabatur.
795 1346 933 1426 XXVII,
959 1348 1061 1428 11,3
1095 1348 1134 1412 ob
1168 1348 1271 1431 iurgia

147 1449 335 1515 familiarum
358 1467 518 1530 nunquam
539 1448 750 1515 innocentium
772 1469 802 1531 p.
812 1451 1067 1531 ¹cupiditates
1089 1450 1269 1516 immensas.

147 1553 231 1633 XIV,
252 1556 313 1633 1,1
338 1551 481 1617 fortunae
503 1553 668 1618 saevientis
690 1553 845 1635 procellae
861 1557 1066 1634 tempestates
1081 1552 1159 1619 alias
1174 1554 1269 1620 rebus

18 1674 23 1687 ·
147 1656 290 1721 infudere
313 1655 527 1720 communibus
548 1674 579 1737 p.
595 1655 695 1720 multa
709 1655 762 1720 illa
785 1661 816 1720 et
839 1656 908 1721 dira
929 1656 1109 1722 facinora
1125 1655 1270 1722 Caesaris

149 1757 241 1824 Galli.
287 1757 410 1839 XXIII,
436 1762 469 1840 1,
495 1762 513 1823 6
540 1759 692 1824 incertum
718 1778 749 1841 p.
773 1760 1023 1841 imperitiam
1050 1781 1091 1826 an
1120 1761 1270 1827 adulandi

149 1862 328 1943 cupiditate.
362 1861 461 1941 XXV,
478 1863 507 1942 3,
525 1865 567 1928 20
589 1881 628 1926 ne
649 1882 679 1943 p.
702 1862 1007 1944 imprudentiam
1029 1864 1157 1947 dignum
1179 1883 1270 1946 prae·
1316 1876 1319 1887 ’

149 1969 276 2035 teneam.
321 1964 442 2045 XVIII,
467 1969 503 2046 2,
530 1970 548 2030 7
576 1983 615 2029 ne
643 1985 673 2046 p.
697 1965 979 2031 incivilitatem
1006 1967 1112 2032 militis
1143 1967 1271 2033 foedera

147 2067 375 2150 frangerentur.
421 2066 513 2147 XVI,
539 2070 575 2147 5,
601 2069 641 2132 15
671 2085 709 2131 ne
737 2067 1058 2150 pindulgentias
1084 2069 1269 2134 tributariae

148 2170 194 2234 rei
217 2170 399 2235 concederet
420 2169 549 2250 reliqua.
594 2168 685 2249 XXI,
712 2170 766 2249 16,
790 2171 810 2233 4
841 2188 911 2234 oum
933 2189 951 2234 a
973 2170 1129 2236 rhetorica
1154 2191 1185 2253 p.
1208 2171 1270 2236 in·

149 2273 300 2354 genium
324 2273 521 2338 desereretur
543 2271 720 2336 obtunsum.
765 2271 912 2350 XXVIII,
941 2276 964 2353 1,
988 2274 1029 2338 43
1054 2291 1134 2355 quae
1156 2293 1187 2355 p.
1210 2274 1269 2339 in-

148 2376 361 2458 iquitatem
383 2375 558 2439 curantium
579 2373 808 2456 praefecturam
830 2379 920 2458 gesta
942 2380 1023 2440 sunt.
1067 2375 1182 2456 XXVI,
1204 2377 1268 2454 3,5

148 2497 179 2560 p.
209 2496 324 2542 novum
357 2477 516 2559 quoddam
547 2477 703 2560 insigne
740 2478 891 2543 curiosius
928 2479 1063 2559 spectari
1099 2477 1268 2545 adfectans.

107 2631 110 2638 .
148 2576 263 2659 XXIV,
289 2583 323 2660 1,
347 2582 366 2643 2
398 2598 437 2644 ne
459 2598 489 2661 p.
512 2580 652 2644 locorum
673 2581 939 2646 Insolentiam
960 2581 1083 2646 Insidiis
1106 2586 1270 2663 caperetur

150 2682 286 2748 occultis.
331 2681 453 2762 XXVI,
477 2685 511 2762 9,
537 2684 574 2746 11
608 2701 637 2763 p.
661 2700 783 2746 morum
813 2683 950 2747 tristium
978 2682 1157 2748 latebras
1186 2683 1269 2748 illius

149 2785 257 2850 similis
287 2784 401 2850 Crassi.
447 2783 554 2864 XVII,
580 2785 634 2865 13,
658 2786 698 2849 28
729 2783 816 2850 furor
845 2784 967 2850 hostilis
999 2804 1029 2867 p.
1061 2785 1273 2852 licentiam

149 2888 301 2953 scandens
323 2888 355 2952 in
377 2886 488 2965 maius,
511 2886 541 2951 h.
559 2905 585 2951 e.
610 2887 693 2968 quod
715 2905 778 2951 non
799 2886 997 2968 puniebatur.
1031 2887 1216 2969 XXXI-13,
1235 2890 1272 2955 15

149 3011 188 3056 ne
224 3011 255 3073 p.
287 3007 419 3055 moras
455 2989 679 3071 Inexpedibiles
716 2989 887 3071 populandi
924 2990 1105 3055 amitterent
1141 2991 1271 3073 copiam.

148 3093 256 3175 XVII,
281 3097 318 3174 9,
342 3096 362 3158 4
385 3093 464 3157 dura
486 3097 518 3156 et
539 3110 691 3174 perpessu
713 3092 886 3173 asperrima
909 3111 939 3173 p.
963 3091 1081 3156 nives
1103 3090 1272 3157 tolerantes

150 3201 182 3262 et
205 3197 364 3263 cacumina
386 3194 557 3261 crudelium
579 3196 770 3277 pruinarum.
809 3193 956 3274 XXVIII,
983 3198 1010 3274 l,
1037 3197 1075 3260 18
1098 3194 1272 3261 Valentini·

149 3319 227 3366 anus
256 3319 286 3381 p.
310 3299 637 3363 nundinationem
666 3297 843 3378 suspicatus
874 3315 985 3378 parum
1014 3297 1159 3379 missum,
1190 3298 1221 3363 h.
1244 3314 1271 3362 e.

148 3402 332 3485 Hymetium
363 3406 545 3483 propterea,
583 3405 619 3465 ut
651 3399 797 3465 lucellum
828 3397 959 3478 faceret,
996 3418 1108 3480 parum
1140 3400 1271 3479 mIsisse,

148 3505 386 3570 Valentinianus
416 3503 643 3586 suspicabatur.
688 3502 812 3583 XVIII,
837 3505 872 3582 5,
898 3507 917 3568 5
940 3500 1127 3567 Sabinianus
1149 3522 1180 3584 p.
1204 3503 1273 3569 ob·

150 3608 378 3674 scuritatem
400 3608 502 3673 adhuc
523 3607 616 3689 longe
638 3606 800 3671 discretus
844 3604 966 3685 XVIII,
991 3606 1023 3684 6,
1050 3608 1088 3672 13
1122 3605 1271 3687 dispersis

149 3731 179 3793 p.
194 3699 380 3793 pabulum
395 3711 492 3792 equis
516 3710 695 3775 Emestium
710 3713 834 3773 secutus
851 3715 946 3788 „per“
963 3707 1014 3773 hic
1028 3725 1085 3789 pro
1103 3711 1272 3789 ..propter‘

149 3815 286 3897 positum
318 3813 397 3878 volo.
441 3813 526 3893 XIV,
552 3816 608 3892 11,
633 3816 652 3879 3
685 3809 764 3877 filios
797 3830 827 3892 p.
859 3810 1064 3892 multiplicem
1094 3815 1272 3877 armaturae

150 3917 348 3984 scientiam
385 3916 688 3999 agilitatemque
724 3913 935 3978 membrorum
976 3912 1125 3994 cognitos.
1185 3913 1270 3994 XVI,

152 4024 207 4101 la,
231 4022 272 4088 53
302 4039 376 4102 pars
406 4039 436 4101 p.
459 4019 597 4083 lutosum
626 4023 657 4083 et
689 4016 843 4081 lubricum
875 4017 996 4080 solum
1027 4015 1059 4080 in
1093 4015 1270 4082 sauciorum

150 4141 258 4188 cruore
272 4123 362 4205 lapsi.
396 4121 510 4201 XXIX,
528 4122 611 4201 6,14
633 4120 747 4185 milites
770 4138 858 4184 arma
879 4119 999 4184 tardius
1021 4138 1051 4200 p.
1068 4118 1272 4185 tumultum

150 4225 327 4306 expediunt.
