2842 4764
1224 259 1243 320 7

207 441 245 505 In
267 440 344 505 locis
366 439 529 505 afferendis
556 449 682 506 secutus
710 460 780 506 sum
810 442 977 507 editionem
1000 441 1242 522 Gardthauseni,

121 544 177 607 sed
205 543 301 607 etiam
333 543 522 625 reliquorum
551 544 703 609 editiones
739 549 812 608 sunt
842 550 986 609 accurate
1019 545 1179 609 adhibitae
1212 550 1243 611 et

121 664 216 727 saepe
228 665 376 728 magnum
387 647 601 710 adiumentum
616 648 692 711 mihi
706 647 927 728 praebuerunt.
951 646 1120 714 Praeterea
1136 653 1242 714 autern

121 749 354 814 Gardthauseni
387 732 591 814 coniectanea
620 750 805 815 Ammianea
831 750 920 828 (Kiel
946 752 1042 830 1869)
1076 752 1153 815 mihi
1181 769 1243 815 non

120 836 224 947 minus
246 850 335 914 utilia
355 852 488 936 [uerunt.
534 850 566 914 Si
588 853 630 916 ad
652 858 773 917 textum
795 853 1049 917 constituendum
1072 871 1150 934 opus
1172 853 1240 933 fnit,

121 954 267 1019 lectiones
291 953 431 1018 codicum
454 959 527 1018 sunt
549 954 672 1019 allatae.

206 1055 268 1120 Sed
291 1057 354 1120 iam
377 1057 417 1121 ad
439 1057 635 1138 propositum
657 1057 759 1138 ipsum
782 1058 909 1122 accedo..

579 1351 783 1358 ———.

571 1672 655 1741 Pars
687 1673 789 1757 prior.

291 1906 295 1913 .
404 1831 462 1908 De
494 1835 623 1935 „per“
657 1788 956 1936 praepositione.

202 1992 272 2069 Qua
309 2011 347 2057 ex
384 1994 503 2074 origine
541 1995 734 2079 praepositio
774 2003 869 2076 „per“
909 1995 951 2058 sit
987 1994 1157 2058 derivanda
1190 1994 1241 2057 hic

117 2095 334 2176 quaestionem
364 2097 486 2162 institui
517 2116 579 2162 non
610 2117 688 2178 opus
718 2098 854 2178 videtur,
883 2097 998 2178 quippe
1028 2115 1065 2159 ex
1096 2114 1158 2176 qua
1177 2094 1240 2158 'ad-

117 2199 290 2263 iumentum
314 2199 354 2263 ad
370 2219 462 2265 usum
483 2202 724 2282 praepositionis
745 2202 964 2265 Ammianeum
988 2199 1240 2265 constituendum

117 2300 224 2365 effluat
252 2302 380 2372 nullum,
410 2304 472 2387 (De
494 2305 553 2368 hac
575 2323 609 2368 re
632 2303 668 2369 cf.
691 2304 773 2374 Pott.
798 2304 920 2386 „Etym
944 2303 1186 2383 Forschungen“
1209 2301 1240 2364 Ι2

115 2406 235 2485 pluit).
261 2407 334 2484 ret,
358 2410 390 2469 et
413 2405 450 2469 G.
473 2405 599 2471 Curtius
623 2406 834 2488 „Grundziige
857 2407 912 2471 der
935 2405 1048 2487 griech.
1068 2403 1239 2487 Etymol.⁵“

115 2525 145 2585 p.
170 2509 254 2583 ⁶269).

201 2608 249 2673 De
263 2608 294 2672 vi
308 2613 414 2673 autem
429 2611 667 2690 praepositionis
683 2612 816 2693 genuina
837 2611 869 2675 id
886 2616 1008 2675 tantum
1029 2611 1097 2675 dico
1114 2627 1183 2672 eam
1199 2607 1238 2702 ab

114 2710 202 2775 initio
232 2711 370 2776 indicare
397 2719 517 2777 motum
545 2704 718 2795 'quendam
756 2715 809 2796 qui
838 2715 988 2795 incipiens
1016 2715 1055 2778 ab
1086 2732 1148 2777 una
1178 2711 1238 2777 loci

115 2819 206 2894 parte
228 2818 314 2878 recta
335 2815 386 2878 via
408 2817 545 2896 pertinet
573 2818 613 2881 ad
635 2824 757 2898 partem
781 2818 969 2882 contrariam
999 2816 1238 2897 oppositamque
1320 2826 1328 2843 ·

116 2916 268 3000 (Wulsch.
284 2937 314 2999 p.
328 2919 372 3001 7).
405 2919 491 2983 Luce
508 2919 620 2984 clarius
643 2927 692 2984 est
713 2921 793 2985 hanc
816 2921 982 3002 genuinam
998 2918 1240 3000 praepositionis

114 3023 304 3098 potestatem
336 3040 400 3084 non
434 3040 557 3102 semper
586 3024 719 3101 servari,
750 3023 807 3087 sed
840 3022 946 3086 multis
979 3022 1081 3085 modis
1107 3020 1238 3098 uariari3

115 3139 210 3202 quam
238 3123 444 3188 variationem
468 3123 548 3189 effici
580 3125 795 3190 coniunctione
825 3145 894 3191 curn
924 3125 993 3190 aliis
1024 3125 1140 3202 verbis,
1175 3141 1238 3187 non

114 3218 213 3288 latere
232 3225 265 3289 in
283 3245 357 3291 voce
380 3227 448 3307 ipsa
470 3228 521 3292 vix
543 3229 733 3293 monendum
755 3234 811 3293 est.
862 3227 1012 3310 (Henseil.
1037 3247 1066 3308 p.
1090 3227 1136 3308 4.)

200 3327 367 3394 Materiam
383 3315 489 3394 autem
511 3331 556 3394 ita
571 3331 720 3413 disposui,
744 3338 780 3396 ut
800 3332 950 3411 incapite
966 3330 1069 3410 priore
1084 3329 1237 3393 disseram

115 3429 154 3492 de
177 3434 273 3510 „per“
297 3449 368 3496 cum
388 3450 463 3497 casu
486 3433 658 3514 coniuncto,
681 3434 714 3497 in
736 3434 836 3499 altero
859 3435 898 3498 de
919 3433 1022 3498 verbis
1046 3451 1116 3496 cum
1140 3437 1234 3512 „per‘

115 3533 303 3612 compositis.
1018 3614 1023 3622 ,

200 3634 242 3699 Et
274 3635 451 3702 Hensellius
482 3644 514 3701 et
539 3638 718 3702 Wulschius
752 3638 921 3718 separatim
957 3638 1171 3702 disseruerunt
1197 3635 1239 3698 de

115 3736 316 3803 collocatione
351 3741 591 3820 praepositionis
629 3741 758 3820 eiusque
794 3741 1024 3821 permutatione
1061 3758 1129 3804 curn
1167 3737 1236 3802 aliis

114 3840 398 3920 praepositionibus
425 3849 481 3908 aut
509 3861 578 3907 cum
612 3843 697 3907 nudo
733 3842 877 3907 ablativo.
932 3842 1023 3920 Quod
1050 3845 1133 3922 apud
1162 3841 1240 3904 Am-

113 3941 252 4006 mianum
275 3962 400 4025 quoque
421 3943 489 4009 fieri
511 3964 573 4009 non
597 3963 675 4025 opus
699 3963 768 4009 esse
789 3949 883 4025 put0;
914 3964 1015 4027 neque
1038 3944 1122 4008 enim
1144 3943 1236 4026 longe

112 4046 231 4110 recedit
244 4047 429 4112 Ammianus
450 4049 482 4112 in
504 4049 553 4112 his
575 4048 669 4113 rebus
692 4048 732 4112 ab
756 4048 944 4128 optimorum
966 4066 1080 4129 genere
1103 4047 1234 4127 dicendi,

114 4152 146 4212 et
167 4150 260 4228 pauci
289 4149 334 4212 1111
355 4150 428 4230 1001,
460 4151 573 4231 quibus
595 4155 700 4215 tamen
723 4170 815 4215 usum
844 4152 1052 4232 posteriorum
1083 4152 1234 4233 sequitur,

112 4250 203 4316 facile
236 4240 461 4333 cognoscentur
493 4254 525 4316 in
559 4253 778 4334 percensendis
813 4253 970 4334 exemplis.
1016 4252 1238 4318 Commemoro
