2842 4764
218 1109 421 1205 Ammianus
437 1139 637 1205 Marcellinus
659 1158 740 1204 unus
764 1144 822 1218 est,
846 1159 885 1205 ne
907 1141 1008 1205 dicam
1031 1139 1124 1220 solus,
1149 1157 1187 1202 ex
1201 1138 1239 1202 iis
1336 1127 1337 1131 ’

115 1241 323 1322 scriptoribus
346 1242 487 1307 exeuntis
514 1242 636 1323 imperii
658 1242 808 1323 Romani,
837 1261 970 1324 quorum
999 1261 1095 1324 opera
1117 1259 1238 1307 summo

116 1363 187 1407 cum
209 1343 438 1409 oblectamento
462 1349 494 1409 et
515 1345 600 1408 haud
616 1344 727 1426 exiguo
744 1362 814 1408 cum
830 1344 934 1410 fructu
948 1364 1072 1426 semper
1086 1345 1239 1427 legentur.

202 1446 313 1528 Neque
328 1448 410 1512 enim
432 1447 534 1512 solum
555 1447 687 1512 veritate
710 1466 747 1512 ac
760 1446 823 1512 fide
845 1449 928 1514 inter
943 1467 1050 1514 omnes
1073 1449 1240 1529 scriptores

117 1568 306 1632 magnopere
339 1550 468 1631 eminet,
503 1551 559 1616 sed
589 1551 684 1614 etiam
718 1542 786 1615 arte
819 1551 967 1629 narrandi
1000 1570 1063 1615 non
1095 1551 1240 1632 indignus

117 1652 254 1733 uidetur,
287 1652 340 1734 qui
363 1671 432 1717 cum
457 1651 622 1734 Sallustio,
646 1653 748 1733 Livio,
774 1652 916 1719 Cornelio
939 1655 1059 1735 Tacito,
1091 1653 1240 1718 Suetonio

118 1755 300 1838 Tranquillo
316 1761 515 1837 comparetur
537 1757 645 1838 eisque
667 1756 843 1837 proximum
858 1758 960 1823 locum
981 1762 1094 1826 teneat.
1115 1757 1241 1847 'Itaque

87 1846 90 1850 ’
117 1859 206 1924 nobis
234 1863 283 1924 est
308 1859 399 1923 valde
427 1859 608 1935 dolendum,
648 1860 732 1942 quod
761 1878 840 1941 opus
868 1861 934 1926 eius
970 1879 1033 1924 non
1061 1864 1162 1924 totum
1192 1863 1241 1922 est

117 1966 289 2039 servatum3
318 1981 391 2026 nam
422 1963 482 2027 etsi
509 1961 669 2027 derebus
699 1981 790 2027 suam
820 1968 957 2027 aetatem
983 1960 1239 2026 antecedentibus
1307 1948 1315 1963 ’

116 2063 321 2128 relationibus
344 2064 476 2130 aliorum
493 2064 678 2146 scriptorum
700 2065 747 2129 uti
769 2065 887 2144 debuit,
910 2070 1016 2129 tamen
1039 2064 1113 2144 quin
1134 2063 1166 2125 in
1182 2062 1241 2127 hac

116 2165 187 2245 ipsa
215 2167 319 2247 priore
347 2168 451 2248 operis
467 2172 568 2253 *parte
596 2168 704 2233 eadem
728 2185 822 2248 opera
852 2167 988 2231 iuveris
1016 2165 1240 2248 investigandis

117 2286 194 2333 usus
216 2269 258 2334 sit
279 2275 375 2352 atque
397 2271 429 2334 in
453 2271 553 2335 altera
575 2270 712 2334 dubitari
734 2269 851 2350 nequit.
1245 2260 1248 2265 ’

204 2371 308 2438 Minus
330 2372 493 2438 laudatum
516 2378 565 2438 est
587 2391 686 2454 genus
709 2372 831 2436 dicendi
854 2371 1026 2451 Ammiani;
1061 2390 1161 2453 neque
1184 2371 1241 2434 im-

118 2474 248 2554 merito,
271 2493 344 2540 nam
367 2494 461 2557 saepe
483 2476 606 2540 excedit
627 2474 846 2558 grammaticos
870 2493 1017 2554 canones,
1041 2474 1086 2538 ita
1108 2479 1144 2538 ut
1165 2493 1242 2538 non-

118 2595 279 2658 nunquam
300 2583 401 2643 mutet
424 2579 646 2644 declinationes
670 2597 706 2642 ac
727 2578 962 2644 terminationes
983 2577 1153 2642 nominum.
1197 2577 1243 2642 Ut

93 2724 97 2733 .
117 2683 225 2743 autem
240 2684 309 2744 tota
322 2681 480 2745 Ammiani
495 2681 668 2746 elocutione
683 2681 810 2745 minime
832 2682 1029 2761 delectemur,
1053 2681 1127 2762 quin
1147 2680 1242 2745 etiam

119 2781 204 2846 haud
230 2801 302 2846 raro
333 2783 527 2849 offendamus
554 2784 721 2865 praecipue
749 2784 799 2848 his
822 2783 944 2848 duobus
971 2784 1120 2848 orationis
1151 2783 1242 2864 quasi

118 2885 280 2951 elementis
301 2886 419 2951 factum
442 2892 506 2952 est:
529 2887 689 2953 vocabulis
712 2891 745 2951 et
766 2887 846 2952 stilo.

206 2987 268 3053 Sed
305 2994 464 3071 utcunque
503 3009 555 3055 res
586 2995 650 3068 cst,
692 2989 724 3053 id
753 2993 835 3054 certe
864 2993 987 3055 constat
1016 3007 1077 3052 non
1106 3006 1173 3053 esse
1203 2988 1242 3052 de

119 3090 276 3155 Ammiani
290 3110 433 3157 sermone
449 3111 487 3156 ex
501 3112 611 3158 norma
626 3092 814 3173 optimorum
830 3092 1016 3173 scriptorum
1031 3091 1240 3169 iudicandum,

119 3194 192 3272 sed,
222 3194 402 3275 siquando
433 3196 607 3276 peccaverit
640 3200 672 3259 θῖ
702 3194 863 3277 alegibus
895 3194 1045 3260 sermonis
1068 3193 1240 3270 recesserit,

121 3301 225 3361 aetate
248 3315 305 3362 sua
327 3298 396 3379 ipsa
419 3317 491 3362 eum
520 3298 659 3374 deiendi;
691 3316 793 3379 neque
816 3298 897 3362 enim
919 3297 1030 3362 melius
1052 3296 1147 3361 locuti
1169 3301 1243 3360 sunt
1336 3297 1337 3301 ’

118 3388 182 3478 alii,
206 3399 260 3479 qui
274 3399 337 3464 illis
351 3401 544 3481 temporibus
567 3401 766 3481 scripserunt,
791 3401 846 3466 sed
867 3401 952 3481 leges
968 3399 1242 3482 grammaticorum

120 3500 302 3584 neglegunt,
340 3522 411 3569 cum
444 3503 506 3568 iam
539 3504 647 3586 lingua
671 3508 708 3568 ut
740 3504 904 3584 imperium
931 3503 1107 3567 Romanum
1139 3502 1243 3582 ipsum

121 3623 140 3668 a
172 3605 304 3684 pristino
338 3607 504 3686 splendore
538 3607 727 3689 degenerare
760 3608 923 3687 coepisset.
979 3605 1123 3685 Accedit,
1158 3605 1243 3685 quod

120 3707 286 3772 Ammiano
319 3714 356 3772 ut
383 3709 501 3773 homini
533 3709 652 3774 Graeco
678 3708 785 3790 lingua
812 3709 910 3774 latina
936 3708 1038 3773 minus
1071 3712 1147 3772 nota
1173 3724 1243 3771 esse

122 3809 231 3874 debuit
263 3829 358 3892 quarn
385 3811 454 3876 aliis
482 3812 565 3877 eius·
582 3812 695 3876 aetatis
729 3811 946 3891 scriptoribus,
981 3811 1094 3892 quibus
1126 3809 1242 3875 latinus

120 3916 230 3976 sermo
248 3918 316 3978 erat
334 3913 469 3978 innatus
505 3913 564 3999 (Cf.
580 3915 661 3982 Had.
678 3914 796 3980 Valesii
810 3913 906 3994 praef.
923 3914 955 3977 in
971 3914 1043 3978 edit.
1060 3911 1200 3977 Erfurdt.
1217 3913 1241 3983 Ι.

121 4035 152 4095 p.
177 4016 241 4099 53.)
296 4016 441 4097 Denique
482 4018 572 4099 culpa
604 4016 823 4081 nonnullorum
855 4015 1019 4095 vitiorum,
1054 4035 1135 4097 quac
1169 4017 1243 4081 olim

12 4124 15 4129 “
91 4202 96 4209 Ι
121 4117 285 4182 Ammiano
308 4118 542 4200 tribuebantur,
574 4119 699 4198 ineos,
724 4119 777 4201 qui
798 4118 895 4183 libros
918 4118 1163 4200 descripserunt,
1195 4125 1244 4185 est

121 4218 352 4299 transferenda
383 4227 416 4286 et
442 4223 559 4304 optimo
582 4223 650 4287 iure
672 4221 842 4286 Muellerus
866 4221 984 4307 (Fleck.
1000 4222 1030 4292 J.
1046 4222 1066 4292 f.
1083 4223 1161 4288 Phil.
1183 4223 1243 4289 107
