2842 4764
1188 257 1225 319 l'l

104 445 207 510 batur.
254 445 290 524 6,
314 448 353 508 21
375 454 417 525 'p.
442 445 527 508 avios
549 449 671 506 montes
693 441 916 523 angustiasque
939 442 1125 523 praecipites
1147 440 1225 505 veni.

106 548 134 626 7,
151 551 170 612 2
192 565 223 627 p.
240 545 309 611 loca
330 546 455 611 deserta
477 550 510 610 et
525 545 592 610 sola
608 562 722 626 magno
737 544 934 610 necessitatis
954 547 1088 610 ducente
1102 532 1226 609 sola'cio.

106 650 139 728 7,
163 651 183 714 8
206 668 236 730 p.
260 648 356 714 valles
378 650 555 730 gramineas
577 648 772 713 incedebant.
819 650 852 726 7,
880 651 918 713 10
945 653 981 713 ut
1003 669 1033 729 p.
1055 648 1228 729 longiorem

106 751 301 816 circumitum
324 757 428 817 castra
443 753 505 816 duo
525 751 730 831 praesidiaria
744 755 950 832 peterentur..
973 752 1055 831 10,1
1075 770 1104 831 p.
1121 751 1228 814 Horen

107 861 140 919 et
161 854 342 919 Meiacarire
368 862 402 918 et
424 853 566 918 Charcha
588 860 624 917 ut
645 855 834 919 transiturus
857 854 1012 919 Amidam.
1058 852 1143 930 XIX,
1162 853 1226 931 3,1

107 967 144 1021 ut
177 976 206 1037 p.
232 957 310 1022 imos
340 957 438 1039 pedes
471 957 623 1021 montium
658 957 786 1021 occultis
819 957 982 1022 itineribus
1012 960 1227 1037 properarent.

107 1062 135 1137 8,
161 1063 179 1122 7
200 1078 230 1140 p.
253 1059 324 1123 avia
346 1059 509 1139 saltusque
531 1059 728 1123 membratim
751 1060 934 1142 discerptus.
980 1060 1029 1123 Ad
1051 1079 1101 1139 „p.
1128 1077 1176 1121 au.
1193 1062 1228 1120 st*

106 1161 313 1244 supplendum
333 1167 382 1227 est
404 1167 555 1243 „raptust‘
601 1164 634 1242 8,
661 1167 699 1226 12
722 1183 752 1243 p.
776 1163 905 1228 dumeta
934 1168 966 1227 et
987 1163 1080 1227 silvas
1106 1170 1229 1249 montes

104 1265 249 1347 petimus
296 1267 331 1343 9,
355 1267 376 1328 4
405 1264 588 1330 familiarem
620 1284 649 1346 p.
673 1265 789 1329 Izalam
820 1273 958 1331 montem
987 1265 1116 1330 Introire
1146 1261 1230 1326 Nisi-

104 1367 159 1432 bin
187 1366 314 1432 dimisit.
362 1372 396 1447 9,
421 1371 439 1433 5
468 1388 498 1450 p.
527 1369 683 1433 saltuosos
710 1368 852 1433 tramites
881 1375 913 1433 et
942 1368 1076 1433 frutecta
1106 1365 1230 1430 Nisibin

107 1471 274 1552 Ingressus.
319 1470 394 1550 XX,
421 1475 452 1551 7,
478 1475 518 1536 10
549 1480 682 1551 quorum
705 1471 890 1535 assiduitate
912 1491 942 1551 p.
966 1471 1101 1552 procliue
1122 1468 1231 1532 laben·

106 1572 185 1637 tium
217 1574 380 1640 machinae
413 1574 595 1639 haerebant.
641 1577 675 1653 9,
703 1579 717 1638 1
752 1573 946 1638 transfretati
980 1593 1009 1654 p.
1043 1573 1228 1653 Bosporum.

12 1720 18 1735 .
110 1679 158 1755 10,
182 1680 201 1742 8
224 1694 368 1741 reversus
391 1696 421 1758 p.
444 1676 570 1742 flumen.
586 1715 628 1723 —
642 1697 673 1758 p.
696 1676 919 1741 Besantionem
942 1676 1103 1741 abscessit.
1140 1677 1231 1752 11,4

107 1798 136 1859 p.
174 1778 357 1843 Melitenam
400 1784 432 1844 et
468 1781 626 1845 Lacotena
670 1787 702 1844 et
739 1779 905 1844 Samosata
940 1779 1093 1843 Edessam
1135 1776 1229 1839 venit:

19 1908 47 1927 -·
106 1881 192 1962 XXI,
209 1884 274 1962 7,·2
296 1902 327 1964 p.
344 1902 430 1948 mare
445 1883 602 1948 notarium
624 1883 709 1948 misit
731 1866 953 1947 Garrdentium.
987 1886 1016 1967 7,
1034 1884 1052 1944 7
1068 1900 1098 1960 p.
1116 1878 1232 1958 Caper·

108 2003 217 2049 sanam
239 1985 392 2050 Edessam
420 1987 508 2067 petit.
554 1989 589 2066 8,
613 1988 632 2049 2
656 1985 850 2067 profecturus
877 2004 907 2065 p.
932 1984 1107 2048 Marcianas
1137 1979 1231 2044 silvas

107 2089 239 2170 viasque
260 2089 384 2153 iunctas
407 2089 507 2154 Histri
535 2089 671 2153 flumInIs
699 2089 785 2170 ripis.
831 2091 866 2167 8,
892 2091 910 2153 3
932 2107 963 2167 p.
986 2086 1099 2149 itinera
1121 2081 1231 2145 Italiae

109 2196 185 2254 nota
221 2192 374 2271 quosdam
412 2198 636 2272 properaturos
673 2192 772 2270 misit,
820 2190 897 2254 alios
935 2209 964 2269 p.
1002 2186 1232 2250 mediterranea

109 2292 300 2358 Raetiarum.
325 2297 354 2373 9,
371 2298 390 2377 2
407 2314 436 2374 p.
454 2294 576 2358 alveum
590 2293 758 2358 ferebatur.
794 2297 841 2373 12,
860 2295 878 2355 2
894 2291 1041 2355 Iovinum
1055 2288 1232 2351 venientem

107 2416 137 2478 p.
162 2396 267 2477 Alpes.
293 2433 329 2443 -
351 2397 468 2489 ¹milites
490 2415 520 2478 p.
543 2397 627 2461 idem
650 2397 798 2477 oppidum
820 2399 1029 2459 transeuntes.
1071 2396 1119 2470 12,
1136 2389 1232 2470 9.qui

109 2498 261 2563 transiere
283 2518 313 2580 p.
336 2505 458 2580 pontes.
508 2502 555 2579 12,
582 2504 618 2564 11
648 2518 726 2581 quos
749 2504 849 2563 morte
871 2519 902 2580 p.
926 2498 1077 2579 impedita
1099 2493 1232 2574 suffugia

109 2601 257 2666 velocitas
280 2607 439 2666 exemerat
460 2603 587 2684 pedum.
630 2604 678 2681 15,
702 2607 721 2668 2
744 2603 824 2683 petit
846 2622 874 2683 p.
897 2603 964 2666 vias
987 2598 1127 2664 difficiles
1142 2596 1233 2660 Mob-

110 2722 266 2769 sucrenas.
311 2704 417 2786 XXII,
444 2707 541 2785 7,10
568 2725 597 2786 p.
628 2725 706 2786 quas
735 2705 915 2788 (regiones)
945 2704 977 2767 in
1004 2719 1091 2766 mare
1118 2698 1233 2763 Phasis

111 2807 283 2887 accipitur:
310 2813 339 2886 8,
363 2813 383 2873 4
405 2828 434 2889 p.
460 2808 588 2873 Achillis
611 2809 777 2889 Aiacisque
800 2807 941 2889 sepulcra
956 2805 1140 2869 Dardanum
1162 2819 1234 2864 con-

109 2909 219 2992 tIng't3
242 2911 273 2974 h.
297 2929 323 2974 e.
346 2929 433 2974 mare
455 2912 616 2993 Aegaeum
638 2909 864 2992 praeterfluens
886 2929 942 2991 per
965 2908 1040 2972 Ach.
1059 2905 1145 2970 Aiac.
1169 2922 1233 2983 sep.

111 3012 249 3078 Dardan.
274 3019 354 3078 cont.
389 3019 418 3094 8,
437 3019 455 3079 7
477 3034 508 3094 p.
525 3014 724 3079 Chalcedona
747 3020 780 3077 et
795 3011 1011 3095 Chrysopolim
1033 3016 1065 3073 et
1081 3007 1233 3073 stationes

110 3117 225 3180 transit
247 3116 404 3181 obscuras.
441 3119 527 3198 8,13
550 3136 579 3199 p.
598 3136 650 3182 eos
668 3116 851 3198 (Bosporos)
874 3114 981 3179 Inachi
1002 3112 1066 3176 filia
1088 3111 1128 3174 ad
1147 3127 1234 3172 mare

111 3216 238 3282 Ionium
270 3220 451 3300 permeavit.
499 3223 535 3300 8,
561 3225 601 3286 14
622 3241 652 3301 p.
677 3239 758 3301 quae
779 3219 873 3283 litora
896 3217 980 3282 fluvii
1006 3215 1179 3279 funduntur
1200 3212 1234 3275 in

111 3320 220 3385 maria.
265 3324 302 3401 8,
326 3327 367 3388 21
397 3324 451 3404 qui
474 3323 616 3405 (Tanais)
648 3344 677 3405 p.
701 3323 843 3388 sinuosos
866 3321 982 3385 labitur
1012 3313 1233 3383 circumflexus.

112 3426 142 3501 8,
159 3424 201 3486 30
222 3441 251 3503 p.
274 3424 460 3507 Panticapes
483 3427 645 3507 angustias
667 3427 822 3491 undarum
845 3423 1027 3505 magnitudo
1050 3418 1233 3501 prorumpit.

113 3527 148 3602 9,
174 3529 193 3589 5
222 3544 252 3606 p.
280 3527 430 3593 Nicaeam
457 3529 543 3593 venit
573 3530 614 3593 ad
643 3527 877 3608 Gallograeciae
904 3526 992 3590 fines.
1039 3527 1094 3602 11,
1119 3525 1136 3585 7
1165 3539 1235 3585 cum

111 3628 260 3693 transiret
281 3649 311 3711 p.
336 3632 510 3714 speciosum
532 3631 623 3695 Genii
644 3631 805 3711 templum.
847 3635 894 3706 12,
918 3634 937 3695 6
960 3627 1076 3693 umeris
1098 3622 1233 3704 imposit'

111 3733 341 3797 transeuntium
364 3754 393 3815 p.
408 3734 539 3815 plateas,
577 3735 624 3812 15,
645 3736 683 3798 10
705 3752 814 3797 means
830 3752 860 3813 p.
878 3731 959 3795 ostia
974 3736 1093 3811 septem
1111 3726 1235 3810 (Nilus).

116 3833 213 3912 10,9
250 3854 320 3900 cum
356 3856 386 3917 p.
419 3838 539 3918 pandas
575 3856 645 3902 oras
683 3844 715 3901 et
750 3835 875 3916 patulas
908 3833 1098 3898 harenarum
1125 3829 1236 3892 inlisae

115 3936 291 4017 glutinosae
325 3939 476 4004 mollitiae
509 3939 727 4022 frangerentur
761 3938 905 4020 (naves).
951 3934 1074 4013 XXIII,
1098 3936 1132 4013 2,
1157 3936 1175 3996 5
1205 3952 1235 4012 p.

115 4042 378 4122 compendiariam
402 4043 484 4106 viam
509 4042 639 4106 Tarsum
665 4058 871 4106 reversurum.
919 4042 953 4117 3,
978 4041 997 4102 0
1027 4037 1112 4100 exitu
1143 4037 1238 4100 simu-

113 4141 178 4207 lato
205 4164 235 4225 p.
260 4144 387 4226 Tigrim.
422 4144 493 4207 Non
519 4144 598 4208 facio
620 4163 690 4208 cum
712 4142 968 4220 Gardthauseno,
990 4140 1052 4220 qui,
1070 4137 1238 4220 „Tigrim,“

115 4247 200 4328 quod
222 4257 271 4312 est
293 4248 324 4312 in
347 4248 435 4313 libris
458 4247 691 4329 manuscriptis,
714 4245 847 4311 mutavit
871 4244 905 4308 in
928 4242 1144 4325 „Tigridem;“
1166 4261 1240 4307 nam
