2842 4764
144 219 185 283 36

143 401 288 485 partibus
314 401 502 482 conlocaret,
531 407 566 466 ut
588 399 737 483 proficere
759 398 859 491 possit
890 396 1010 463 facilius
1031 394 1162 474 Valens,
1199 392 1268 475 qui·

144 506 242 571 busve
264 503 436 587 figurarum
450 505 635 570 commentis
659 503 821 586 splendida
843 502 911 567 loca
932 501 1129 582 adtemptare
1152 497 1267 563 debeat

144 607 419 691 praemonebatur.
457 608 494 672 In
517 607 622 673 codice
644 606 796 672 Vaticano
818 604 932 686 legitur
953 621 1009 685 pro
1035 602 1190 681 „Valens“
1215 604 1268 682 „et

145 711 280 788 ualere‚“
303 716 334 775 et
356 728 412 791 pro
436 709 738 791 „praemonebatur“
760 705 1036 790 „praemonebat.“
1068 705 1145 772 Illae
1165 711 1270 770 muta·

145 814 246 879 tiones
272 813 473 877 inueniuntur
503 812 536 876 in
564 811 702 877 editione
733 809 852 876 Gelenii
879 827 995 890 easque
1023 826 1093 874 cum
1124 807 1266 891 plurimis

147 916 317 981 editoribus
339 915 477 998 recipere
500 933 561 979 non
585 913 735 979 dubitavi.
780 912 861 978 Nam
881 911 974 976 155115
995 911 1138 976 Vaticani
1158 915 1266 992 aptum

147 1037 272 1087 sensum
282 1017 434 1100 praebere
445 1017 522 1082 mibi
534 1035 596 1081 non
609 1017 742 1095 videtur,
758 1034 859 1098 neque
870 1016 970 1094 video,
984 1015 1139 1096 quomodo
1152 1012 1267 1079 Gardt-

146 1123 313 1201 hausenus,
340 1120 393 1202 qui
420 1138 488 1184 eam
509 1118 648 1199 retinuit,
675 1118 907 1202 interpretetur.
945 1121 974 1202 5,
999 1122 1017 1182 2
1042 1135 1122 1201 quae
1144 1115 1269 1181 Firmus

147 1224 280 1290 docebat
300 1242 330 1304 p.
354 1241 437 1287 suos.
473 1226 502 1302 5,
534 1224 574 1287 52
597 1240 627 1304 p.
653 1241 746 1304 quem
769 1221 936 1298 (Masillam
958 1221 1125 1304 Mazicum)
1148 1219 1271 1284 monuit

148 1329 266 1392 ducem.
302 1328 331 1404 6,
350 1328 388 1389 12
412 1324 495 1405 quod
511 1343 541 1405 p.
557 1324 661 1406 ipsum
677 1325 883 1407 (Aequitium)
904 1325 1146 1390 circumventum
1160 1339 1268 1404 regem

148 1427 377 1494 existimabant.
413 1425 512 1508 XXX,
537 1428 565 1507 3,
590 1430 609 1492 2
633 1427 712 1493 veris
734 1447 764 1509 p.
788 1446 859 1493 eum
881 1428 1128 1513 (Paternianum)
1151 1424 1271 1491 nuntiis

147 1536 306 1615 gestorum
329 1529 472 1611 acceptis.
518 1532 547 1609 4,
574 1533 613 1598 19
637 1550 667 1612 p.
693 1549 774 1611 cum,
797 1530 851 1614 qui
873 1537 922 1596 551
942 1531 975 1596 15
997 1531 1094 1596 verba
1113 1527 1269 1608 fidentior,

145 1633 333 1717 principium
349 1632 471 1697 dicendi
488 1633 633 1697 exeritur.
671 1635 719 1711 10,
744 1634 762 1698 3
779 1634 888 1699 doctus
904 1634 944 1698 ab
961 1652 1006 1714 eo,
1021 1653 1052 1715 p.
1070 1651 1163 1716 quem
1178 1649 1271 1696 voca-

146 1737 249 1801 batur.
296 1734 349 1798 En
370 1734 429 1798 hoc
452 1734 593 1816 exemplo
616 1721 867 1801 manifestissime
894 1736 1047 1819 colligitur
1071 1734 1273 1801 Ammianum

147 1838 232 1904 nullo
258 1836 437 1903 discrimine
463 1840 560 1918 ,‚per“
587 1842 619 1901 51
640 1837 721 1917 „ab“
749 1856 819 1903 cum
840 1839 943 1905 verbis
965 1839 1097 1921 passivis
1119 1837 1272 1919 posuisse.

147 1941 229 2007 Nam
252 1946 289 2005 ut
304 1939 421 2019 XXVI,
446 1941 710 2022 6,14„doctus,“
734 1940 929 2006 coniunctum
953 1947 1001 2007 est
1023 1947 1213 2022 cum„per,“
1228 1940 1274 2004 ita

148 2045 199 2110 hic
221 2063 291 2109 cum
314 2047 385 2123 „a.“
429 2041 552 2123 XXXI,
577 2047 605 2124 7,
635 2048 653 2108 7
676 2065 706 2126 p.
730 2063 809 2127 quos
832 2044 909 2110 nihil
929 2045 1049 2110 latebat
1070 2045 1272 2127 incognitum.

234 2145 305 2211 Non
326 2130 428 2209 minus
451 2163 544 2227 saepe
565 2146 734 2229 apponitur
898 2228 903 2237 Ι

236 2250 271 2335 β)
305 2248 550 2331 praepositio
574 2251 707 2314 eadem
738 2250 889 2315 rationo
921 2269 1048 2315 rerum
1071 2247 1277 2314 vocabulis

151 2360 352 2435 tamquam
389 2369 640 2433 personarum
678 2359 811 2436 partes
848 2353 1052 2436 agentium.
1121 2351 1159 2416 ln
1199 2351 1277 2433 ipsis

152 2459 258 2521 autem
280 2452 432 2535 exemplis
455 2472 551 2537 saepe
574 2455 712 2521 dubitari
734 2460 853 2539 potest,
886 2475 960 2520 num
988 2456 1028 2520 ad
1049 2455 1131 2520 hanc
1153 2461 1276 2537 partem

153 2557 341 2640 perducant,
365 2573 406 2618 an
429 2556 469 2620 ad
484 2556 546 2621 vim
561 2558 717 2623 modalem
733 2577 773 2623 an
797 2559 837 2623 ad
853 2558 1009 2623 causalem
1032 2577 1072 2622 an
1095 2558 1135 2622 ad
1157 2561 1279 2639 ternpo-

152 2657 266 2737 ralem,
304 2656 331 2721 si
358 2657 484 2738 quidem
522 2659 600 2724 baec
633 2663 724 2724 certis
746 2658 859 2724 finibus
893 2661 1017 2725 omnino
1051 2659 1183 2724 discerni
1216 2676 1279 2723 non

154 2763 295 2845 possunt.
340 2758 454 2842 ltaque
477 2760 612 2842 primum
636 2780 727 2844 agam
779 2826 784 2831 .

242 2864 274 2947 l)
308 2863 351 2927 de
384 2862 659 2941 substantivis,
695 2863 835 2947 quibus
871 2883 938 2948 per
974 2863 1280 2929 instrumentale

156 2965 379 3050 apponitur.
445 3049 447 3053 ¹

241 3067 373 3148 XXVII,
397 3071 427 3151 9,
450 3073 469 3135 8
493 3090 523 3151 p.
546 3064 738 3151 integritatis
761 3070 947 3154 multiplices
981 3076 1090 3135 actus
1123 3074 1156 3134 et
1176 3068 1282 3153 probi·

156 3173 233 3239 tatis
255 3172 389 3255 adeptus
412 3175 470 3236 est.
514 3170 600 3248 XIX,
626 3175 654 3253 8,
680 3176 694 3236 1
721 3191 791 3237 cum
814 3193 920 3257 pugna
941 3196 972 3256 p.
996 3192 1159 3256 aggeres
1182 3172 1280 3238 celsos

158 3275 256 3342 muris
273 3275 431 3358 proximos
453 3278 671 3357 temptaretur.
709 3274 778 3352 XX,
806 3279 854 3352 11,
870 3276 912 3339 20
934 3275 1081 3339 dimicare
1096 3274 1281 3341 succinctius

160 3395 277 3462 parans
310 3398 341 3460 p.
365 3376 513 3441 sublimes
547 3373 745 3458 aggestus.
790 3377 938 3457 XXVIII,
974 3380 1003 3453 5,
1039 3380 1077 3444 13
1113 3378 1196 3460 quod
1227 3375 1282 3442 ubi

160 3481 268 3564 negari
290 3501 321 3562 p.
344 3478 525 3561 ambages
562 3479 714 3544 sentirent
747 3485 779 3544 51
809 3497 946 3544 moras.
990 3478 1106 3553 XXIX,
1133 3482 1160 3555 5,
1186 3482 1226 3546 33
1250 3502 1281 3563 p.

162 3603 189 3648 a.
212 3589 243 3648 et
270 3603 312 3648 m.
334 3584 458 3648 hostem
480 3582 676 3664 frangentem
702 3601 775 3648 suos
798 3584 934 3666 impetus
956 3601 1173 3666 oppressurus.
1219 3583 1283 3648 La·

162 3705 243 3752 cuna
264 3686 360 3751 trium
394 3684 627 3760 versiculorum,
658 3704 739 3768 quae
762 3691 834 3751 ante
856 3685 933 3751 baec
954 3687 1049 3752 verba
1071 3690 1183 3763 exstat,
1206 3705 1284 3751 non-

162 3790 237 3854 dum
259 3793 307 3854 est
329 3788 461 3871 expleta.
506 3787 639 3862 XXVII,
665 3793 714 3864 12,
738 3791 757 3854 2
781 3810 811 3871 p.
834 3793 938 3854 artes
966 3788 1101 3854 sallendo
1134 3789 1283 3855 diuersas.

161 3891 247 3968 XIV,
270 3895 300 3968 4,
325 3895 344 3957 6
366 3892 393 3957 si
416 3909 497 3974 quae
520 3891 612 3956 511155
635 3892 704 3974 capi
728 3913 757 3974 p.
780 3891 982 3974 aucupium
1014 3892 1144 3975 possint.
1199 3891 1283 3971 XIV,

163 3997 193 4069 6,
217 3999 258 4062 10
279 3995 459 4078 ignorantes
481 3994 617 4059 maiores
644 4013 717 4059 suos
750 4012 812 4059 non
846 3994 960 4060 divitiis
994 3995 1141 4073 eluxisse,
1175 3995 1231 4060 sed
1252 4015 1284 4078 p.

162 4095 266 4161 bella
288 4098 478 4164 saevissima.
522 4095 607 4167 XVI.
633 4099 684 4177 11,
709 4098 748 4162 13
771 4103 807 4163 51
830 4098 929 4182 possit
951 4120 982 4181 p.
997 4098 1028 4162 b.
1051 4097 1147 4162 deleri
1169 4097 1286 4163 saevis·

164 4198 252 4265 sima.
297 4200 412 4277 XXVI,
437 4204 509 4283 9,8
545 4217 637 4283 quern
663 4221 694 4283 p.
729 4202 910 4266 saevissima
930 4200 961 4265 b.
984 4206 1093 4265 notum
1115 4201 1285 4266 necessitas
