2842 4764
149 228 187 291 16

144 413 240 478 terias
268 430 387 476 manus.
433 411 527 495 XIV,
552 419 584 498 2,
624 421 643 482 2
675 418 707 481 in
741 434 882 480 somnum
911 437 941 497 p.
966 420 1122 485 ancoralia
1143 419 1264 485 effusos.

144 513 308 595 „Effusas‘
325 513 375 579 hio
391 515 508 597 duplici
530 521 650 585 ratione
666 519 782 581 dictum
797 516 919 597 legItur,
944 539 1016 585 nam
1032 525 1166 589 refertur
1180 523 1266 587 etad

144 619 197 698 „In
219 623 385 682 somnum‘
409 620 587 702 significans
604 618 853 700 „hingegeben“,
876 624 908 683 et
930 621 971 684 ad
993 644 1071 704 ‚per
1093 624 1267 692 ancoralia“

144 739 238 785 sensu
261 720 462 788 diffundendi.
503 722 639 802 Simplex
654 719 782 784 verbum
805 720 954 787 fundendi
976 725 1081 804 ipsum
1099 729 1195 794 semel
1209 730 1268 794 hoc

144 841 238 888 sensu
259 824 331 906 legi,
356 826 438 906 quod
462 823 644 903 exemplum,
667 822 783 904 quippe
804 825 837 888 In
865 843 925 906 quo
949 824 1075 904 ‚,t'ama“
1099 851 1158 895 vox
1180 850 1269 914 repe·

144 926 252 1005 riatur,
276 925 357 991 infra
379 927 436 991 sub
459 929 479 1008 β
502 923 638 988 afferam.

231 1045 423 1109 compono,
447 1024 623 1104 dispono,
647 1044 772 1106 pono:
806 1027 891 1110 XXI,
916 1030 964 1109 12,
990 1034 1008 1095 1
1030 1035 1212 1113 compositis
1235 1055 1265 1113 p.

145 1136 300 1210 oportuna
333 1125 503 1192 tormentis.
552 1125 636 1206 XIV,
658 1129 694 1207 2,
720 1134 738 1195 5
761 1131 876 1196 milites
898 1151 928 1214 p.
944 1132 1111 1214 municipia
1132 1133 1265 1214 plurima

145 1231 312 1311 dispositos
340 1236 372 1292 et
393 1226 528 1297 castella.
575 1228 688 1295 Cetera
710 1232 852 1314 exempla
874 1252 945 1301 cum
965 1224 1060 1301 verbo
1082 1234 1264 1317 disponendi

146 1330 339 1396 conformata
361 1328 488 1394 afferam
521 1331 579 1396 sub
603 1334 632 1412 6,
653 1334 771 1416 quippe
792 1336 824 1399 in
847 1338 961 1417 quibus
982 1338 1042 1405 hoc
1058 1334 1189 1404 verbum
1210 1335 1266 1401 dil·

133 1432 296 1498 tundendi
318 1432 476 1497 notionem
496 1434 590 1517 plane
613 1438 760 1502 amiserit.
804 1438 889 1518 XVI,
912 1444 1010 1510 1014
1032 1465 1062 1526 p.
1078 1441 1269 1509 adclivitates

143 1534 368 1619 planitiemque
389 1526 505 1616 posita‘
514 1539 601 1603 urbis
624 1542 764 1605 membra
787 1542 993 1613 conlustrans,
1124 1574 1133 1592 ·

230 1654 456 1720 consperge,
481 1640 678 1722 dispergo,
702 1659 854 1722 spargo:
877 1641 977 1721 XVII,
998 1647 1045 1723 13,
1073 1649 1112 1711 19
1136 1647 1225 1728 sequi
1239 1664 1268 1726 p.

145 1740 267 1804 diversa
289 1757 482 1822 conspersos.
526 1741 611 1821 XVI,
637 1746 691 1821 11,
717 1744 756 1805 15
779 1743 876 1806 milite
899 1743 1040 1823 disperso
1062 1765 1092 1824 p.
1118 1749 1270 1810 stationes

144 1842 298 1907 hibernas.
343 1843 445 1924 XVII,
471 1847 524 1924 10,
561 1848 601 1911 10
634 1844 774 1925 disperso
803 1863 833 1925 p.
858 1844 1008 1909 stationes
1029 1846 1138 1910 milite.
1183 1846 1268 1926 XXI,

147 1948 195 2024 12,
220 1950 259 2010 22
283 1946 460 2028 dispersum
491 1967 520 2029 p.
543 1946 690 2012 Thracias
722 1946 867 2024 militem.
903 1946 1010 2027 XXII,
1036 1952 1069 2027 7,
1094 1949 1112 2010 7
1138 1966 1216 2029 qnos
1238 1969 1268 2030 p.

145 2049 312 2131 supercilia
325 2051 427 2117 Histri
442 2053 599 2134 dispersos
619 2051 776 2117 audiebat.
814 2053 843 2130 8,
870 2053 909 2116 12
929 2070 959 2132 p.
977 2050 1055 2116 haec
1077 2051 1270 2134 amphssima

146 2153 248 2234 spatia
270 2155 386 2237 oppida
409 2162 483 2221 sunt
504 2157 646 2238 dispersa
667 2154 866 2222 Graecorum.
901 2153 1018 2236 XXIII,
1042 2157 1072 2239 2,
1096 2158 1115 2222 3
1139 2155 1272 2236 dispersi

144 2275 174 2337 p.
199 2257 351 2324 stationes
376 2260 488 2325 varias.
534 2254 577 2338 6,“
599 2261 639 2326 39
672 2279 702 2341 p.
725 2260 803 2324 haec
830 2259 904 2329 loca
937 2259 1078 2324 civitates
1112 2258 1271 2353 dispersae

147 2366 221 2423 sunt
246 2360 362 2441 plnres
407 2365 436 2443 6,
465 2365 504 2429 61
528 2382 559 2444 p.
581 2362 746 2428 intervalla
768 2361 900 2443 dispersi
921 2367 996 2426 sunt
1015 2361 1118 2443 longa.
1154 2360 1270 2439 XXIV,

152 2465 179 2541 1,
204 2464 223 2526 6
246 2464 377 2528 navibus
398 2484 428 2545 p.
453 2472 607 2546 oportuna
629 2466 787 2547 dispersis.
833 2464 963 2543 XXVII,
987 2467 1016 2544 8,
1042 2465 1081 2529 10
1102 2464 1217 2529 multos
1240 2481 1270 2542 p.

151 2563 275 2629 diversa
298 2565 465 2645 dispersos.
511 2565 666 2643 XXVIII,
691 2568 709 2629 6
736 2568 774 2629 12
796 2564 888 2628 militi
909 2564 1050 2644 disperso
1072 2583 1101 2644 p.
1126 2564 1270 2627 Africam.

147 2665 264 2746 XXIX,
283 2669 311 2745 6,
329 2670 348 2732 9
364 2687 395 2748 p.
412 2666 517 2730 omnia
531 2666 709 2747 propinqua
724 2665 866 2744 dispersa
879 2663 1052 2732 formidine.
1075 2661 1191 2741 XXXI,
1208 2665 1237 2741 6,
1252 2668 1270 2727 5

147 2788 177 2850 p.
195 2768 397 2834 Thraciarum
419 2768 502 2832 latus
525 2785 616 2831 omne
632 2764 789 2847 dispersi..
811 2764 1025 2844 1191111115
1047 2783 1077 2844 p.
1092 2763 1186 2829 calles
1209 2764 1272 2829 dis·

148 2872 241 2952 persi.
280 2873 327 2952 13,
344 2874 363 2938 8
387 2889 494 2959 omnes
510 2869 641 2951 dispersi
664 2888 693 2949 p.
708 2869 833 2949 ignotos
852 2867 1003 2932 tramites.
1043 2868 1090 2945 16,
1108 2869 1127 2933 8
1151 2865 1271 2931 Gothos

150 2975 308 3056 dispersos
330 2995 361 3057 p.
384 2974 487 3038 varias
511 2973 650 3037 (11111115
674 2978 706 3035 et
728 2977 842 3036 castra.
885 2969 953 3049 XV,
977 2972 1006 3049 4,
1032 2972 1051 3036 8
1077 2969 1218 3052 plerique
1241 2989 1270 3050 p.

150 3087 300 3160 angustas
323 3079 450 3144 semitas
472 3076 581 3156 sparsi.
614 3074 698 3154 XVI,
725 3077 774 3152 ll,
797 3078 823 3141 8.
841 3073 999 3155 occupatis
1021 3073 1132 3137 insulis
1155 3073 1272 3153 sparsis

152 3182 260 3246 crebro
295 3201 325 3263 p.
358 3180 473 3245 flumen
501 3158 658 3243 Rhenum.
702 3176 794 3256 XIX,
818 3179 898 3256 4,1
934 3192 1115 3256 sparsorum
1146 3194 1176 3255 p.
1206 3175 1272 3238 vias

152 3283 337 3347 cadaverum
370 3281 546 3346 multitudo.
596 3279 731 3359 XXVII,
765 3284 818 3358 11,
851 3282 866 3342 1
902 3296 932 3358 p.
968 3294 1060 3357 quem
1093 3276 1273 3340 universum

153 3383 289 3471 (orbem)
304 3401 404 3463 paene
419 3381 607 3463 patrimonia
629 3400 739 3463 sparsa
760 3381 910 3462 possedit.
944 3376 1093 3456 XXVIII,
1117 3378 1146 3457 3,
1171 3383 1190 3446 6
1212 3378 1274 3443 Ior-

152 3486 268 3551 midine
291 3503 400 3566 sparsa
422 3504 452 3566 p.
476 3485 600 3550 multos.
646 3483 744 3564 XXX,
770 3488 799 3562 6,
821 3485 843 3546 4
865 3501 920 3548 115
941 3501 972 3563 p.
994 3480 1083 3546 varia
1103 3488 1271 3563 sparserat.

237 3587 396 3652 diduco:
429 3587 513 3666 XVI,
539 3589 588 3667 10,
623 3589 642 3651 8
677 3606 755 3668 quos
785 3585 889 3652 circuli
919 3583 1100 3650 ambiebant
1120 3605 1150 3666 p.
1174 3584 1278 3647 omnia

151 3690 292 3754 membra
315 3690 442 3755 diducti.
480 3690 580 3767 XXII,
605 3694 634 3766 8,
657 3692 699 3757 33
722 3689 868 3771 aquibus
890 3708 920 3771 p.
937 3688 1024 3753 varia
1045 3705 1143 3770 regna
1158 3686 1275 3751 diducti

151 3792 314 3858 itineribus
336 3794 467 3859 modicis
489 3794 583 3859 Tauri
606 3794 822 3859 dissociantur.
898 3782 904 3793 '
949 3795 954 3805 “

238 3896 395 3962 diffluo:
419 3897 533 3974 XXXI,
557 3900 587 3977 3,
621 3898 641 3963 3
675 3915 798 3963 amnem
821 3895 1008 3960 Danastium
1030 3894 1112 3958 iuter
1132 3892 1276 3958 Histrum

154 4006 187 4064 et
208 3999 435 4082 Borysthenem
458 4021 489 4083 p.
513 4019 693 4081 camporum
715 3999 821 4082 ampla
843 3999 946 4081 spatia
968 3995 1165 4061 diffluentem.

239 4102 467 4169 diffundito:
499 4103 616 4184 XVIII,
651 4107 680 4185 5,
715 4106 734 4168 6
756 4102 893 4185 pretium
919 4121 950 4182 p.
973 4099 1110 4181 potiores
1133 4097 1277 4163 diffundi·

153 4211 225 4271 tant
247 4209 364 4272 domos.
