2842 4764
1228 245 1267 307 41

147 428 259 517 currit,
288 429 390 494 1111
419 427 512 495 finem
540 429 709 511 perveniat.
754 430 851 495 Recte
881 449 954 496 vero
982 436 1014 496 et
1042 432 1082 497 ab
1109 431 1269 497 Hensellio

144 530 190 612 (p.
212 531 269 611 43)
292 536 324 596 et
345 551 365 596 a
386 531 545 596 Wulsehio
567 535 613 613 (p.
637 533 692 613 70)
715 537 764 597 est
784 531 1010 616 improbatum,
1043 534 1127 616 quod
1150 535 1270 600 censuit

144 631 325 715 Dmegerns
354 635 394 698 de
415 634 474 698 hoc
495 653 564 699 usu.
609 633 794 719 (1111111.
816 635 883 704 11.
900 633 931 700 S.
952 635 985 700 Ι2
1001 637 1087 716 605.)
1131 636 1163 701 Is
1186 637 1269 701 enim

144 739 239 817 putat
259 736 524 818 praepositionem
552 736 599 800 ita
620 742 804 819 usurpatam
826 736 1000 819 significare
1023 742 1153 818 statum,
1184 739 1269 803 intra

144 855 241 918 quem
262 837 339 919 quid
360 836 429 918 fiat,
452 838 499 905 ita
521 843 556 903 ut
578 838 711 904 modalis
732 840 972 922 praepositionis
987 840 1034 905 vis
1050 841 1268 921 extemporali

141 939 185 1004 sit
207 940 390 1006 derivanda.
435 942 480 1006 Ac
502 940 638 1022 primum
660 941 761 1006 dicam
810 1010 816 1021 ,
1272 956 1276 963 ·

230 1042 267 1122 α)
300 1041 348 1106 de
371 1041 658 1122 substantivis,
688 1042 836 1123 quibus
868 1049 992 1126 „per“
1014 1042 1175 1108 modale
1201 1042 1268 1107 ad·

143 1143 337 1226 iungitur.

229 1245 357 1326 XXIX,
396 1251 435 1313 ·2,
474 1251 511 1311 21
566 1247 642 1311 dnm
687 1247 763 1311 haec
813 1267 843 1329 p.
888 1248 1053 1313 intestinas
1096 1247 1270 1314 dilatantur

145 1366 371 1413 aerumnas.
406 1348 514 1413 XXIX
537 1351 563 1428 1,
583 1351 625 1415 35
646 1350 770 1414 litterae
792 1370 822 1432 p.
847 1349 1039 1433 ambages
1062 1350 1205 1432 obliquas
1228 1349 1270 1415 ad

144 1451 299 1516 Hilarium
332 1452 476 1532 scriptae.
523 1450 632 1530 XXII,
656 1454 734 1531 4,7
767 1472 797 1533 p.
822 1452 1053 1518 ambitiones
1087 1454 1270 1536 otiumque

145 1554 257 1636 opibus
290 1554 398 1635 partis.
444 1553 538 1633 XXI,
567 1555 642 1634 1,3
676 1573 715 1618 ne
748 1575 778 1637 p.
810 1554 1002 1633 amicitias
1030 1555 1119 1621 fictas
1148 1555 1269 1621 insidiis

144 1655 303 1721 falleretur
325 1655 462 1723 occultis.
497 1655 645 1736 XXVIII,
661 1662 727 1740 4,·2
750 1658 848 1722 vitam
870 1677 900 1739 p.
924 1663 1162 1741 argumenta
1184 1677 1269 1723 scae-

145 1760 214 1824 nica
236 1777 463 1841 amoresque
484 1766 659 1842 peregerat.
701 1761 793 1842 Apud
815 1761 938 1825 Livium
960 1765 992 1826 et
1014 1761 1156 1826 Tacitum
1177 1761 1278 1843 plura-

146 1863 288 1944 exempla
310 1863 520 1942 inveniuntur,
545 1864 658 1945 quibus
684 1865 867 1945 designatur
888 1870 1014 1945 tempus
1035 1863 1085 1928 vel
1107 1864 1190 1929 diem
1213 1883 1269 1945 per

146 1964 283 2046 aliquam
309 1983 376 2029 rem
404 1965 544 2047 transigi.
589 1966 682 2048 Apud
711 1967 911 2030 Ammiannm
938 1965 999 2029 hoc
1025 1984 1123 2029 unum
1155 1971 1267 2031 exstat.

144 2067 212 2146 XV,
238 2069 272 2147 5,
296 2069 338 2133 25
365 2071 402 2131 ut
424 2068 464 2131 ad
486 2061 684 2149 imperatoris
703 2067 820 2132 novelli
849 2087 879 2149 p.
902 2066 1075 2132 ludibriosa
1096 2067 1270 2148 auspicia

145 2169 257 2234 vinum
280 2188 407 2235 accessu
429 2169 573 2235 firmandi
589 2189 715 2235 sensum
735 2168 925 2234 dnx'flebilis
947 2174 1130 2235 verteretur.
1164 2169 1267 2250 XXII,

146 2276 180 2351 8,
205 2276 246 2339 33
277 2290 296 2336 a
325 2272 479 2337 contrario
508 2294 538 2354 p.
563 2271 865 2337 cavillationem
894 2272 1013 2337 Pontus
1043 2272 1183 2337 Emdnus
1214 2291 1269 2353 ap-

115 2375 287 2457 pellatur.
334 2374 456 2454 XVIII,
482 2377 516 2455 5,
542 2378 557 2438 l
584 2374 724 2439 debitum
745 2394 775 2456 p.
800 2374 990 2440 conludia
1011 2375 1043 2440 in
1065 2393 1179 2440 nomen
1201 2372 1268 2440 fisci

145 2477 342 2543 translatum.
387 2478 541 2558 XXVIII,
575 2483 607 2559 1,
632 2482 672 2544 51
706 2478 978 2561 Doryphorianum
1004 2498 1034 2560 p.
1065 2477 1283 2549 cruciatus.

148 2582 302 2663 oppressit
323 2582 501 2646 immensos.
544 2579 646 2662 XXII,
671 2583 700 2661 6,
727 2584 742 2645 1
767 2581 960 2646 commodius
981 2600 1012 2662 p.
1035 2580 1269 2646 dilationem

147 2682 276 2763 inferre,
312 2702 392 2765 quae
421 2682 612 2766 flagitantur.
658 2682 742 2764 XIV,
770 2688 821 2765 11,
846 2687 888 2750 24
920 2684 1070 2750 Barbatio
1102 2685 1268 2749 damnatus

149 2787 275 2852 extincti
296 2806 326 2868 p.
350 2785 538 2851 fallacias
562 2787 715 2852 Caesaris
755 2787 966 2868 XVI,10,18
988 2805 1141 2852 venenum
1161 2786 1269 2851 bibere

148 2909 177 2971 p.
199 2889 376 2955 fraudem
404 2889 510 2954 illexit.
556 2889 680 2970 XXXI,
706 2894 762 2970 11,
787 2891 806 2955 3
838 2889 1042 2973 11011111)
1069 2909 1099 2970 p.
1123 2887 1143 2952 f.
1168 2893 1269 2969 capto.

148 2992 237 3071 XVI,
261 2996 297 3072 9,
323 2997 338 3056 1
363 2993 478 3056 Persae
507 3012 537 3073 p.
560 2991 667 3056 furta
697 2998 729 3057 et
750 2992 958 3057 latrocinia
987 2991 1092 3072 potius
1122 3008 1217 3070 quam
1238 3008 1270 3070 p.

150 3095 395 3162 concursatorias
410 3113 554 3176 pugnas
569 3094 730 3159 hominum
741 3095 875 3176 praedas
887 3094 1051 3177 agitabant
1066 3097 1098 3157 et
1111 3109 1269 3173 pecorum.

149 3196 235 3277 XIX,
254 3198 302 3277 13,
322 3200 338 3261 1
362 3218 392 3280 p,
415 3196 434 3261 f.
460 3203 491 3260 et
513 3196 532 3260 l.
556 3195 705 3262 finitimos
728 3196 939 3262 adflictabant.
976 3195 1094 3276 XXXI,
1111 3197 1176 3274 7,2
1199 3212 1272 3276 par·

149 3301 302 3366 ticulatim
337 3318 455 3382 perque
490 3297 510 3363 l.
546 3300 646 3382 magis
683 3305 715 3365 et
750 3301 769 3364 1
804 3299 971 3365 multitudo
1008 3298 1107 3364 minui
1144 3295 1272 3362 deberet

150 3404 280 3470 hostilis.
325 3402 442 3483 XXIV,
470 3406 569 3483 4,18
599 3423 629 3485 p.
654 3404 740 3468 varia
774 3403 978 3468 certaminum
1011 3420 1149 3485 genera
1182 3399 1272 3464 dimi-

152 3507 502 3573 cantes—discedunt.
539 3506 624 3583 XIV,
644 3511 691 3585 11,
711 3510 747 3571 11
773 3507 799 3571 si
821 3505 897 3586 quid
919 3524 949 3586 p.
972 3502 1272 3586 imprudentiam
1353 3543 1356 3549 -

152 3616 274 3692 gestum
309 3615 365 3674 est.
409 3609 471 3673 Pro
506 3608 637 3690 „quid,“
672 3609 757 3688 quod
785 3608 817 3671 in
848 3607 1006 3672 codicibus
1035 3606 1271 3688 scriptumest,

152 3714 255 3795 aptius
277 3711 391 3792 legitur
415 3711 461 3788 „si
484 3710 589 3792 qnid,“
607 3710 691 3791 quod
712 3708 929 3790 Kiesslingius
953 3728 1048 3791 quam
1072 3707 1271 3790 „quicquid,“

153 3815 236 3898 quod
250 3814 515 3897 Eyssenhardtins
537 3813 676 3878 coniecit.
699 3811 757 3891 (ef.
773 3811 920 3877 1110111.
935 3810 956 3876 f.
968 3812 1047 3876 Phil.
1067 3812 1127 3878 103
1141 3830 1171 3892 p.
1184 3811 1273 3890 496.)

152 3917 243 3999 XVI,
270 3922 325 3997 12,
352 3923 391 3983 17
423 3917 631 3982 Gundomado
657 3936 688 3998 p.
716 3915 899 3981 insidias
927 3915 1125 3996 interempto.
1168 3910 1272 3991 XXII,

156 4025 251 4105 15,6
284 4022 400 4088 imbres
433 4027 490 4088 aut
522 4039 682 4102 nunquam
715 4026 772 4085 aut
802 4039 833 4101 p.
861 4018 1071 4084 intervalla
1098 4022 1275 4097 temporum

151 4125 245 4210 longa
268 4126 378 4191 cadere
401 4129 621 4191 memorantur.
656 4122 773 4204 XXIX,
798 4127 825 4202 1,
848 4126 887 4189 31
912 4121 966 4202 qni
988 4119 1112 4200 (anulus
1134 4118 1275 4200 pensilis)

153 4249 182 4311 p.
205 4231 226 4294 i.
250 4229 395 4294 distincta
416 4228 555 4294 incidens
578 4225 753 4307 saltuatim,
777 4224 871 4291 efficit
892 4242 1010 4289 versus
1055 4221 1156 4302 XXX,
1181 4225 1209 4303 5,
1235 4224 1274 4287 12
