2842 4764
210 248 250 310 10

209 431 334 512 cipitem
363 449 393 511 p.
419 430 519 495 scalas
541 430 668 495 funibus
698 431 956 495 constrinxerunt.
1004 436 1056 510 11,
1082 434 1121 496 10
1142 450 1171 511 p.
1196 431 1332 511 spatium

207 533 291 598 mille
313 552 463 614 passuum
487 537 687 615 antegressus
711 539 768 597 est.
802 531 869 612 XV,
890 536 955 633 21
978 552 1008 614 p.
1030 522 1331 614 Constantinopolim

208 641 423 701 transeuntem
457 635 579 700 viderat
616 635 755 700 fratrem.
810 637 888 713 4,2
922 654 951 716 p.
987 641 1160 701 cataractas
1192 636 1332 700 funditur

207 739 306 818 Nilus
341 738 401 803 Hic
417 742 513 819 „per‘
529 738 561 802 ln
577 737 734 803 codicibus
750 737 899 801 ondssum
916 738 1093 802 addendum
1107 757 1175 803 0000
1191 745 1329 819 apparet.

207 842 312 906 Verba
334 842 566 921 antecedentia,
598 841 631 905 in
654 841 767 921 quibus
801 840 933 905 alterurn
959 845 1055 921 „per“
1077 841 1175 905 latere
1197 842 1330 921 videtur,

208 945 255 1008 ita
279 949 352 1009 sunt
368 948 522 1024 corrupta,
546 950 582 1007 ut
604 947 688 1007 certa
711 943 886 1006 emendatio
908 944 1037 1024 reperiri
1059 950 1202 1025 nequeat.
1239 949 1266 1024 5,
1290 948 1331 1010 23

207 1066 280 1112 eum
302 1048 341 1112 de
364 1066 398 1111 se
420 1052 561 1111 metuens
584 1045 716 1127 quisque
738 1065 768 1125 p.
785 1045 879 1126 longa
894 1047 999 1126 spatia
1020 1046 1204 1111 deducebat.
1246 1051 1331 1126 10,4

206 1168 235 1231 p.
261 1150 403 1230 diruptas
424 1148 582 1229 utrimque
605 1147 766 1229 angustias
794 1152 825 1212 et
846 1148 974 1214 lacunas
996 1149 1170 1214 latebrosas
1204 1150 1331 1213 descen-

207 1254 326 1317 dentes.
386 1254 437 1329 10,
475 1253 510 1315 11
549 1270 579 1331 p.
613 1250 798 1315 Druentiam
837 1250 953 1315 flumen
989 1253 1132 1331 regiones
1170 1251 1331 1332 occupavit

205 1355 364 1419 Etruscas.
411 1356 465 1431 11,
493 1355 531 1418 18
563 1353 734 1418 Rhodanus
766 1373 915 1434 spumeus
946 1354 1065 1420 Gallico
1093 1355 1172 1418 mari
1206 1373 1331 1419 concor-

205 1462 336 1539 poratur
368 1476 398 1536 p.
432 1455 574 1536 patulum
607 1456 718 1521 sinum.
763 1457 852 1538 XVI,
880 1459 957 1524 2.3
992 1478 1021 1540 p.
1043 1457 1264 1531 ‚Sedelaucum
1299 1463 1333 1520 et

207 1559 320 1625 Coram
341 1559 380 1622 Iri
402 1558 525 1622 debere.
560 1559 620 1623 Pro
643 1553 755 1623 verbis'
768 1562 1024 1626 antecedentibus
1050 1580 1126 1642 „per
1145 1561 1248 1625 Arbor
1271 1610 1328 1624 ...

210 1662 419 1744 0010000010ιι
444 1661 619 1725 emendatio
636 1669 711 1742 apta
733 1663 871 1727 nondum
894 1652 942 1728 est
963 1672 1101 1745 reperta3
1123 1683 1225 1745 neque
1248 1664 1330 1727 enlm

207 1763 383 1830 emendatio
411 1769 460 1829 est
489 1764 647 1844 habenda,
677 1765 762 1846 quod
786 1764 941 1830 Castellus
974 1766 1117 1830 coniecit:
1151 1784 1207 1846 per
1228 1766 1331 1829 Arbo-

205 1885 319 1931 rosam.
354 1870 383 1946 2,
407 1871 428 1932 4
452 1867 611 1932 Silvanum
633 1887 663 1948 p.
681 1868 915 1948 compendiosas
938 1869 1013 1951 1100,
1037 1887 1144 1933 verum
1167 1873 1331 1948 suspectas

206 1970 376 2036 transiisse.
421 1975 455 2048 2,
480 1974 498 2036 9
522 1990 551 2051 p.
575 1971 790 2052 Decempagos
813 1971 1020 2037 Alamannam
1044 1972 1173 2052 aggredi
1195 1971 1327 2052 plebem.

142 2140 149 2151 ,
208 2077 261 2153 10,
297 2067 338 2140 20
371 2093 401 2154 p.
435 2073 618 2137 Tridentum
653 2074 713 2139 iter
744 2074 913 2139 festmavit.
961 2078 1059 2155 11,5
1093 2076 1193 2139 sciens
1226 2093 1256 2154 p.
1291 2093 1328 2138 ea

207 2177 345 2260 (itinera)
373 2180 538 2256 erupturos
569 2183 774 2257 grassatores.
822 2180 918 2257 11,6
953 2178 1007 2258 qui
1039 2198 1068 2258 p.
1100 2196 1153 2242 eos
1186 2177 1329 2241 tramites

207 2279 319 2343 exiere.
343 2317 385 2325 —
409 2280 463 2360 qui
484 2299 514 2360 p.
537 2280 652 2345 vallum
675 2280 875 2345 Barbationis
905 2281 1057 2345 transiere
1087 2281 1195 2345 securi.
1233 2284 1284 2359 11,
1309 2282 1328 2344 9

207 2382 261 2463 qui
282 2382 453 2447 incedendo
475 2402 505 2462 p.
528 2383 636 2448 brevia
658 2384 698 2447 ad
720 2384 854 2448 insulam
881 2403 1002 2448 venere.
1049 2387 1098 2463 12,
1123 2385 1163 2450 38
1187 2388 1329 2448 consorte

118 2502 126 2521 ’
207 2485 342 2566 quodam
365 2505 395 2565 p.
413 2486 564 2549 ceruleem
587 2487 658 2568 equi
680 2486 817 2551 labentis
832 2488 969 2568 pondere
985 2505 1142 2551 armorum
1163 2504 1327 2567 oppresso3

206 2587 247 2651 ad
269 2605 346 2666 „per
366 2587 535 2651 0011100111ι
551 2588 759 2668 supplendum
782 2595 830 2652 001
848 2588 976 2670 ,100001ι
1014 2592 1063 2667 12,
1081 2594 1118 2654 51
1143 2590 1330 2669 universos

99 2702 109 2719 ·
205 2690 347 2754 tramites
369 2690 476 2771 egredi
497 2689 697 2754 festinabant.
742 2690 850 2781 xum,
877 2695 911 2770 1,
936 2694 954 2756 9
983 2711 1013 2771 p.
1037 2690 1195 2754 anfractus
1217 2690 1328 2771 longos

206 2798 238 2856 01
260 2811 386 2872 asperos
409 2792 494 2857 ultra
515 2792 675 2874 progredi.¹
705 2795 734 2869 2,
762 2798 776 2857 1
800 2792 915 2857 Remos
937 2812 967 2872 p.
990 2786 1195 2874 Agrippinam
1217 2799 1342 2874 petens.

206 2899 238 2959 et
259 2895 425 2960 luliacum.
471 2898 504 2976 4,
531 2899 569 2961 13
593 2914 655 2978 quo
678 2904 824 2960 convecto
856 2915 885 2976 p.
909 2896 1032 2961 alveum
1054 2895 1125 2958 Nili.
1171 2899 1327 2977 4,14p.

205 2997 305 3061 maria
326 2997 506 3080 fluentaque
529 2998 664 3062 Tibridis
687 2997 825 3062 defertur
848 2999 880 3062 ln
902 2999 1004 3062 v'Icum
1027 2998 1204 3064 Alexandri.
1235 3004 1265 3077 4,
1290 3005 1327 3065 15

204 3101 237 3165 in
264 3101 397 3165 arduum
430 3121 461 3182 p.
492 3101 585 3164 Inane
617 3105 789 3181 protentus.
835 3101 871 3165 In
906 3101 1063 3165 codicibus
1096 3105 1145 3165 est
1177 3103 1328 3183 sculptum

206 3203 260 3285 „id
282 3223 312 3283 p.
337 3205 471 3269 arduum
492 3206 616 3283 inane,“
637 3223 694 3286 pro
723 3222 784 3286 quo
806 3204 911 3285 Inepte
933 3204 1015 3269 dicto
1037 3241 1079 3250 -
1102 3223 1173 3269 nam
1196 3205 1330 3283 „Inane“

205 3305 357 3387 appellari
379 3325 441 3371 non
463 3313 568 3389 potest
590 3308 763 3387 „arduum“
778 3345 820 3354 -
840 3307 1104 3389 Eyssenhardtius
1124 3306 1206 3371 facili
1227 3314 1330 3371 muta-

206 3408 291 3472 tione
314 3409 439 3491 scripsit
461 3410 513 3489 „in
535 3410 668 3475 arduum
688 3429 718 3490 p.
733 3410 846 3474 inanet‘
891 3415 924 3490 8,
948 3412 968 3473 4
997 3408 1111 3474 Severo
1133 3410 1211 3474 duce
1233 3411 1329 3476 misso

204 3530 235 3592 p.
259 3512 369 3593 ripam.
417 3513 465 3591 10,
490 3516 509 3577 6
531 3532 560 3593 p.
585 3513 731 3577 circuitus
753 3513 863 3595 longos
895 3519 926 3578 01
947 3512 1102 3578 flexuosos
1131 3518 1259 3579 ventum
1281 3521 1331 3579 est

205 3617 245 3680 ad
267 3615 345 3680 loca.
382 3619 430 3695 12,
448 3619 466 3680 9
489 3634 519 3697 p.
540 3615 868 3681 00100001100010011.
904 3616 1327 3697 00111500001100,,001100,“

206 3719 290 3800 quod
323 3720 356 3783 in
389 3717 546 3783 codicibus
579 3719 710 3800 legitur,
744 3719 880 3784 mutavit
911 3720 1112 3801 10,,001100,“
1147 3721 1230 3803 quod
1252 3720 1329 3785 mihi

206 3840 331 3903 quoque
354 3821 457 3902 aptius
479 3821 597 3887 dictum
619 3822 751 3886 videtur.
791 3823 840 3903 13,
867 3826 906 3887 17
928 3843 958 3904 p.
983 3824 1091 3889 abdita
1113 3824 1199 3889 ducti
1220 3823 1329 3889 velites

297 3928 495 4006 occuparunt.
540 3924 663 4004 XVIII,
699 3927 732 4005 2,
768 3930 786 3991 7
819 3945 849 4007 p.
882 3932 1008 4007 pontem
1044 3928 1170 3992 transiri
1203 3927 1328 3991 debere.

206 4030 308 4108 2,10
341 4029 449 4093 hostes
482 4047 512 4109 p.
545 4028 718 4093 contrarias
748 4029 833 4109 ripas
859 4029 972 4094 leniter
997 4030 1184 4095 incedentes.
1229 4031 1262 4109 2,
1290 4033 1327 4095 12

206 4131 371 4195 decurrere
393 4131 540 4196 iubentur
561 4150 591 4212 p.
615 4130 739 4196 flumen.
785 4136 814 4212 2,
841 4135 880 4196 14
902 4133 992 4198 miles
1014 4153 1044 4215 p.
1068 4131 1208 4198 Hortarii
1230 4150 1328 4212 regna

205 4233 361 4300 transibat
383 4234 509 4300 intacta.
557 4238 590 4314 2,
616 4237 656 4300 15
678 4253 709 4316 p.
733 4235 872 4300 medium
893 4236 1056 4300 rebellium
1077 4237 1177 4301 solum
1205 4253 1330 4317 grassa-
