2842 4764
1223 211 1265 277 59

142 398 244 478 XVII,
271 402 321 479 12,
348 402 396 464 14.
441 417 478 463 ex
504 398 625 480 integro
647 398 770 476 XXVI,
793 402 828 478 4,
852 399 881 463 6.
928 417 965 462 ex
987 398 1128 480 professo
1148 398 1264 480 XXIX,

143 504 174 582 3,
187 504 219 592 ⁴9.
253 501 437 566 exadverso
460 500 562 582 XVII,
588 502 637 581 13,
664 502 712 566 10.
746 501 815 582 XX,
843 505 869 581 1,
886 501 915 571 3.
946 499 1032 582 XXI,
1057 504 1086 582 6,
1103 503 1132 571 3.
1156 520 1173 565 e
1195 521 1266 583 pro-

143 602 262 685 pinquo
283 602 399 683 XXIX,
425 605 520 683 5,13.
555 603 627 668 Alia
649 603 789 685 exempla
811 622 881 670 cum
904 603 1126 670 adiectivorum
1147 605 1266 671 neutris

144 705 317 787 composita
338 705 407 771 vide
429 706 515 788 apud
536 706 751 772 Hassenstein.
786 726 816 788 p.
841 709 891 772 27.

231 808 363 888 „Procul
385 812 427 873 e“
448 827 505 891 pro
521 808 650 891 „procul
672 814 712 874 a“
733 809 849 893 legitur
862 809 960 890 XXV,
977 813 1043 891 8,4
1064 830 1096 892 p.
1119 829 1137 874 e
1158 815 1265 877 nostro

144 915 321 992 conspect.

192 1046 194 1050 ·
231 1013 278 1077 De
301 1031 337 1077 eo
352 1013 592 1096 praepositionis
608 1034 668 1079 usu
689 1015 897 1081 recentiorum
921 1015 1107 1096 scriptorum
1128 1015 1265 1097 proprio,

145 1116 229 1198 quod
246 1134 315 1180 cum
331 1116 508 1180 nominibus
524 1116 767 1199 magistratuum
783 1118 828 1182 ita
843 1117 1048 1201 coniungitur,
1064 1124 1100 1183 nt
1115 1116 1267 1200 significet

145 1219 282 1299 aliquem
311 1218 416 1299 aliquo
444 1237 573 1283 munere
606 1219 720 1285 abiisse
750 1228 782 1286 et
809 1211 989 1287 defunctum
1017 1239 1101 1302 esse,
1128 1221 1267 1286 Hassen-
1312 1228 1315 1234 '

145 1320 275 1386 steinius
300 1321 455 1386 disseruit.
482 1323 524 1403 (p.
539 1321 605 1405 33.)

641 1424 767 1490 Procul.

230 1525 474 1608 Praepositionis
485 1527 553 1591 loco
565 1532 751 1608 usurpatum
763 1533 812 1592 est
823 1528 855 1593 in
866 1528 1000 1594 formula
1011 1529 1139 1610 „procul
1151 1528 1266 1594 dubiot‘

144 1628 212 1709 XV,
238 1634 265 1706 5,
290 1622 332 1693 7.'
354 1628 439 1703 XVI,
465 1632 512 1711 11,
538 1635 566 1696 5.
603 1633 652 1710 12,
676 1630 727 1694 33.
761 1629 847 1711 XXI,
873 1636 900 1712 7,
925 1632 953 1697 3.
988 1631 1102 1712 XXIX,
1127 1634 1222 1712 6,13.

576 1799 660 1866 Sine.
697 1800 836 1886 Absque.

231 1904 279 1966 De
302 1902 414 1984 „sine“
438 1903 514 1967 nihil
537 1910 586 1968 est
607 1904 805 1969 monendum.

108 2028 116 2044 ·
232 2004 405 2092 „Absqucf‘
435 2011 607 2088 usurpatur
633 2025 690 2086 pro
714 2007 821 2087 „sine“
845 2013 877 2070 et
899 2009 1073 2088 „praeteri
1117 2005 1269 2087 Exempla

147 2107 271 2190 collegit
286 2108 513 2173 Hudemannus
535 2110 633 2189 p.·10.
669 2108 823 2190 Corrupto
839 2112 944 2173 autem
960 2108 1026 2173 sine
1043 2107 1137 2172 dubio
1153 2107 1268 2190 legitur

146 2210 305 2292 „absque‘
329 2208 446 2292 XVIII,
472 2210 520 2289 10,
544 2210 563 2273 3
587 2215 728 2290 opertam
751 2209 871 2291 absque
891 2209 981 2274 labra
1003 2211 1072 2290 ipsa
1094 2215 1162 2274 atro
1184 2209 1268 2274 vela·

146 2315 238 2379 mine.
272 2315 300 2378 A
321 2313 478 2378 Gronovio
500 2317 584 2377 recte
607 2314 806 2378 emendatum
829 2317 877 2378 est
898 2331 956 2394 pro
972 2312 1132 2395 „absque‘
1153 2311 1268 2392 „adus-

147 2421 242 2498 que;“
265 2435 367 2497 neque
390 2416 461 2494 ideo
484 2414 726 2480 Hudemannum
749 2416 832 2480 hunc
853 2416 957 2481 locum
979 2414 1089 2479 afferre
1112 2415 1210 2494 decet,
1232 2419 1269 2480 ut

148 2519 342 2584 demonstret
365 2519 525 2600 „absque“
548 2519 643 2583 etiam
671 2537 741 2584 cum
770 2519 947 2584 accusativo
976 2519 1175 2585 coniunctum
1195 2517 1267 2602 legi.

664 2688 748 2755 Gum.

232 2792 364 2857 Perraro
387 2797 499 2874 „cum“
522 2793 721 2876 coniungitur
743 2811 812 2859 cnm
835 2793 1055 2858 adiectivorum
1083 2791 1216 2856 neutris:
1242 2809 1266 2855 c.

147 2895 257 2960 ceteriS
279 2892 394 2973 XXIX,
420 2896 447 2974 5,
474 2898 522 2964 16.
564 2894 663 2974 XXX,
687 2898 716 2975 4,
741 2898 790 2960 22.

232 2995 431 3076 Anastrophe
453 3014 576 3076 semper
591 2997 779 3077 conspicitur
794 2996 827 3060 in
849 3014 1001 3076 „mecum
1021 3002 1134 3075 tecum,
1153 3013 1267 3076 secum,
1339 3064 1341 3069 ,

149 3099 319 3178 nobiscum,
342 3096 532 3178 vobiscum,“
554 3116 726 3179 numquam
749 3098 780 3162 In
803 3098 932 3163 relativo
955 3097 1146 3180 pronomine.

659 3268 752 3334 Prae.

236 3371 313 3435 Cum
329 3371 431 3437 verbis
447 3376 565 3437 statum
580 3370 790 3437 indicantibus
806 3375 925 3454 „prae‘
941 3372 1139 3437 coniunctum
1154 3371 1270 3453 legitur

147 3475 180 3538 in
201 3473 336 3538 formula
357 3493 452 3555 „prae
475 3473 571 3539 ocuIIs
593 3473 741 3538 habere.“
780 3472 865 3554 XIX,
883 3477 946 3554 8,1
972 3493 1029 3539 nec
1050 3472 1098 3539 fas
1120 3473 1218 3538 ullum
1240 3492 1269 3555 p.

149 3577 245 3643 oculis
257 3576 430 3642 habiturus,
453 3576 553 3656 XXX,
566 3580 596 3656 4,
610 3579 650 3649 18
665 3596 723 3640 nec
734 3577 798 3640 iam
812 3576 860 3642 fas
872 3577 969 3642 ullum
982 3598 1012 3660 p,
1029 3577 1127 3642 ocuIIs
1142 3576 1269 3642 habent.

235 3678 361 3744 Causali
375 3680 511 3760 notione,
534 3679 618 3744 idem
633 3677 811 3761 significans
828 3680 911 3761 quod
934 3683 1113 3762 „propter,“
1137 3684 1169 3743 et
1185 3679 1270 3762 apud

149 3783 282 3864 optimos
309 3783 475 3864 scriptores
504 3788 535 3847 et
564 3782 648 3863 apud
670 3781 793 3846 Livium
821 3783 854 3846 in
878 3782 1032 3865 negativis
1054 3786 1177 3847 tantum
1200 3800 1270 3846 sen·

147 3885 254 3950 tentiis
288 3892 465 3966 usurpatur.
509 3884 603 3967 Apud
629 3885 828 3950 Ammianum
855 3884 1013 3950 interdum
1040 3883 1073 3954 in
1102 3883 1270 3950 enuntiatis

149 3989 355 4054 affirmativis:
383 3987 450 4069 XV,
476 3992 512 4069 5,
542 3992 583 4056 30
610 3988 739 4053 mutatis
774 4007 804 4070 p.
832 3988 945 4053 tImore
972 4005 1066 4069 saepe
1096 3986 1269 4053 sententiis.

147 4091 264 4170 XVIII,
289 4092 317 4171 6,
344 4090 382 4154 16
406 4090 529 4155 locutus
548 4089 636 4154 rarle
658 4110 688 4172 p.
704 4090 824 4154 timore.
858 4089 989 4170 XXVH,
1015 4090 1065 4169 10,
1089 4094 1110 4154 4
1131 4109 1160 4171 p.
1185 4093 1271 4155 metu

148 4214 319 4277 poenarum
343 4193 383 4259 ad
405 4193 583 4258 Romanurn
604 4194 704 4258 solum
728 4210 762 4258 se
784 4194 953 4259 transtulit.
