2842 4764
1232 247 1402 341 13!

144 435 287 508 venerat,
323 429 478 516 relegens,
514 448 550 494 eo
580 449 688 495 rursus
722 436 928 511 monstrante,
962 450 1019 512 per
1035 432 1206 513 >hispidam
1232 471 1267 480 —

146 532 289 597 evolavit.
335 531 421 609 Quae
450 533 604 614 scriptura
633 551 824 614 quamquam
860 551 986 598 sensum
1017 534 1103 599 haud
1129 535 1269 617 ineptum

144 635 284 716 praebet,
308 642 412 700 tamen
433 636 652 718 postponenda
673 636 797 701 videtur
813 635 1045 702 Gardthauseni
1063 639 1268 718 coniecturae,

146 756 242 819 quam
271 756 365 818 supra
391 730 491 803 a'ttuli.
538 738 626 803 diam
655 739 789 820 primum
819 738 977 820 relegendi
1008 738 1068 804 voni
1096 742 1199 821 aptius
1229 743 1270 806 ad

145 840 305 923 viatorem,
329 843 383 924 qui
398 844 492 907 modo
508 843 636 906 dumeta
651 842 814 922 percurrit,
824 838 969 907 'refertur
984 860 1079 923 quarn
1095 844 1135 907 ad
1150 863 1268 927 regem3

148 944 260 1010 deinde
279 949 427 1027 „rursus“
444 945 519 1026 quid
544 944 603 1010 sibi
625 945 699 1008 velit
721 943 841 1010 facilius
860 944 1052 1027 intelligitur,
1076 946 1102 1010 si
1117 947 1270 1012 trahimus

147 1048 187 1111 ad
209 1048 368 1138 relegendi
389 1047 536 1126 verbum,
560 1046 592 1110 id
615 1046 699 1127 quod
720 1045 788 1110 fieri
810 1064 873 1110 non
894 1053 1015 1128 potest,
1047 1048 1074 1112 si
1096 1049 1268 1130 scribimur,

146 1150 318 1232 „relegens
343 1169 379 1215 eo
402 1158 511 1214 rursus
533 1153 747 1214 monstrantet‘
791 1149 995 1215 Pleonasmus
1018 1157 1134 1230 autem,
1158 1153 1212 1232 qui
1233 1151 1270 1217 fit

143 1253 246 1317 verbis
270 1271 400 1347 „rursus
422 1251 592 1333 relegere,“
614 1250 685 1315 miri
701 1251 802 1316 -habet
815 1250 917 1329 nihil,
940 1272 1013 1317 nam
1036 1272 1130 1334 saepe
1155 1240 1270 1336 le‘gitur

147 1374 276 1434 „rursus
298 1356 423 1420 1111111ιι
452 1353 502 1418 vel
524 1358 628 1434 „retro
655 1354 777 1418 11111111ι
820 1354 898 1419 Tum
921 1355 953 1419 in
973 1355 1095 1420 Gelenii
1116 1357 1271 1437 scriptura

147 1457 357 1536 desideratur,
388 1457 464 1538 quid
485 1457 613 1521 tandem
635 1456 737 1520 viator
759 1458 987 1522 monstraverit.
1031 1458 1208 1536 Postremo,
1236 1459 1269 1524 id
1307 1502 1311 1509 -

146 1560 229 1639 quod
244 1560 359 1625 summi
374 1565 423 1624 est
444 1559 601 1638 momenti,
618 1556 850 1624 Gardthauseni
872 1560 1050 1625 coniectura
1070 1562 1199 1642 propius
1219 1581 1288 1633 ao.

147 1663 227 1727 cedit
249 1665 290 1728 ad
312 1663 408 1728 verba
430 1663 544 1727 codicis
566 1662 711 1727 Vaticani
737 1681 831 1744 quam
854 1663 986 1728 Gelenii.
1032 1665 1069 1728 Id
1092 1670 1215 1730 tantum
1237 1667 1269 1730 in

147 1763 380 1831 Gardthauseni
403 1766 619 1830 emendatione
634 1784 728 1847 aegre
742 1765 851 1844 fertur,
875 1767 959 1847 quod
981 1767 1121 1847 „viator‘
1135 1787 1204 1848 vox,
1228 1769 1269 1832 ad

79 1932 81 1936 ,
145 1885 240 1948 quam
263 1875 312 1935 est
340 1868 546 1955 referendum,
560 1872 650 1949 ,,1ο,“
673 1869 749 1933 satis
771 1868 865 1951 longe
887 1869 992 1934 distat.
1020 1871 1074 1948 -5,
1101 1871 1116 1932 1
1140 1889 1170 1951 p.
1194 1877 1269 1935 nota

145 1970 257 2058 itinera
272 1973 488 2038 contendebat.
525 1977 553 2053 5,
572 1973 611 2037 13
634 1992 664 2054 p.
682 1967 815 2054 partem·
826 1972 920 2037 aliam
941 1960 1068 2037 transiit
1082 1973 1114 2036 in
1131 1973 1267 2050 Quados

146 2079 174 2152 7,
191 2076 210 2138 3
234 2074 371 2157 hospitio
388 2075 550 2141 dicebatur
565 2076 739 2157 suscepisse
752 2074 978 2157 Magnentium,
1002 2095 1032 2156 p.
1050 2094 1160 2156 agrum
1177 2094 1269 2165 suum

147 2176 355 2243 festinantem.
376 2177 551 2258 'XXXI,7,
570 2180 610 2245 10
633 2197 694 2260 quo
716 2197 746 2258 p.
769 2178 905 2264 proclive
927 2177 1034 2243 obvios
1055 2178 1175 2260 impetu
1198 2196 1269 2242 con-

147 2279 307 2344 volverent
329 2282 457 2346 acriore.
501 2285 536 2360 9,
560 2285 579 2346 2
610 2299 640 2361 p.
663 2285 805 2344 mantum
829 2280 911 2345 celsa
933 2280 1143 2361 silvarumque
1166 2280 1269 2346 densi-

143 2389 226 2448 tates
249 2385 290 2448 ad
305 2384 462 2466 Illyricum
484 2384 575 2448 redit.
613 2389 661 2462 10,
678 2385 720 2449 ‘20
736 2382 906 2448 Gratianus
929 2384 1088 2465 digressus
1107 2404 1138 2466 p.
1155 2388 1267 2464 castra,

146 2505 175 2567 p.
200 2486 387 2551 Lauriacum
418 2487 459 2552 ad
472 2486 698 2569 ¹opitulandum
729 2485 774 2550 ire
803 2486 963 2552 tendebat.
1010 2491 1064 2564 11,
1087 2489 1106 2552 6
1129 2507 1160 2569 p.
1183 2487 1268 2550 idem

142 2588 258 2654 flumen
284 2590 323 2654 ad
346 2588 460 2655 Martis
489 2595 593 2655 castra
624 2588 793 2659 descendit.
841 2592 939 2668 12,2
970 2609 1000 2671 p.
1025 2609 1106 2671 quae
1129 2589 1267 2674 (itinera)

143 2696 335 2757 commeatus
357 2693 523 2758 necessarii
545 2693 759 2779 portabantur.
795 2697 844 2772 15,
864 2697 901 2760 13
917 2693 1070 2758 contrusis
1086 2713 1115 2774 p.
1133 2711 1267 2774 pronum

144 2795 227 2859 saxis
251 2800 283 2859 et
305 2795 519 2861 columnarum
539 2797 724 2879 fragmentis
747 2804 779 2861 11
801 2796 957 2878 cylindris.
994 2799 1042 2874 16,
1067 2797 1085 2858 2
1109 2814 1138 2876 p.
1162 2814 1269 2859 neme-

142 2888 216 2962 rosa
231 2902 263 2961 et
277 2897 368 2961 devia
383 2898 558 2964 currebant.
607 2975 615 2993 ι

182 3010 188 3023 “
228 3002 263 3084 γ)
285 3001 358 3066 Jarn
373 3001 501 3066 afferam
525 3019 562 3066 ea
578 3001 728 3082 exempla,
751 3001 912 3081 inquibus
935 3004 1033 3081 „per“
1056 3005 1268 3081 usurpatur

143 3103 187 3167 de
209 3105 343 3185 rebus,
367 3123 466 3186 quae
488 3104 654 3185 aliquem
676 3104 797 3168 locum
818 3103 1090 3184 permeantium
1113 3102 1268 3181 explent

142 3206 303 3288 ideoque
318 3207 580 3288 penetrandae
596 3212 692 3274 sunt.
718 3205 834 3286 (Hand.
848 3203 936 3268 Turs
950 3203 1003 3282 IV,
1017 3204 1140 3282 430-2.)
1163 3201 1266 3278 Ratio,

143 3327 224 3390 quae
241 3328 278 3374 ex
294 3311 446 3375 eiusmodi
461 3309 608 3390 exemplis
624 3307 828 3389 cognoscitur.
852 3307 961 3370 eadem
977 3312 1026 3370 est
1041 3324 1135 3386 quarn
1150 3304 1214 3367 iam
1229 3323 1267 3367 ex

142 3412 287 3496 partibus
302 3413 558 3478 antecedentibus
573 3410 795 3486 intelleximus;
818 3427 920 3490 neque
941 3408 1013 3472 ideo
1036 3407 1086 3471 hic
1107 3406 1266 3488 originalis

142 3517 382 3598 praepositionis
404 3516 451 3580 vis
474 3513 663 3596 amplificata
692 3513 880 3594 conspicitur·
908 3518 940 3575 et
961 3511 1010 3575 vix
1032 3515 1096 3589 est,
1132 3528 1187 3574 cur
1209 3510 1266 3574 hos

91 3619 93 3623 ’
142 3621 227 3685 lbcos
251 3619 290 3683 ab
313 3620 374 3684 illis
397 3637 584 3699 separemus.
628 3615 754 3680 Servavi
775 3621 880 3679 tamen
902 3613 1042 3678 chselli
1065 3619 1097 3676 et
1116 3612 1266 3677 Wulschii

143 3723 389 3804 dispositionem,
413 3728 448 3786 ut
469 3721 546 3786 haec
569 3718 712 3799 exempla
734 3716 833 3797 magis
854 3716 884 3779 in
908 3716 1013 3780 oculos
1037 3715 1158 3779 cadant.

64 3816 72 3829 ’
227 3826 312 3906 XIV,
343 3831 416 3906 1,3
450 3844 557 3890 socrus
591 3843 620 3905 p.
655 3821 764 3903 paulatii
796 3820 1042 3901 pseudothyrum
1075 3817 1264 3882 introducta.

145 3935 180 4011 1,
205 3933 224 3994 6
255 3930 395 3995 homines
423 3929 550 4009 quidam
580 3927 715 3990 latenter
740 3922 911 3987 intromissi
940 3941 970 4003 p.
994 3921 1142 4003 posticas.
1189 3922 1207 3981 7
1214 3970 1221 3998 ,
1245 3923 1266 3984 4

144 4052 239 4116 quam
262 4032 466 4098 Constantina
488 4050 517 4112 p.
541 4029 647 4110 regiae
668 4027 780 4091 ianuas
803 4024 906 4088 emisit
927 4024 959 4087 in
982 4024 1149 4105 publicum,
1176 4026 1221 4101 ·9,
1247 4023 1265 4086 3

142 4139 270 4221 reginae
291 4134 461 4200 exertantis
484 4151 591 4198 aurem
613 4149 643 4211 p.
667 4129 820 4194 aulaeum.
858 4125 942 4205 XVI,
969 4130 1018 4204 12,
1043 4127 1083 4192 58
1106 4145 1161 4190 rex
1184 4124 1266 4190 Cho·

142 4240 345 4306 nodomarius
378 4237 485 4318 lapsus
519 4256 549 4318 p.
580 4235 723 4300 funerum
756 4238 867 4296 strues.
916 4233 969 4306 m,
998 4231 1038 4293 63
1072 4234 1266 4293 mortuorum
