2842 4764
70 235 184 299 -42

142 419 262 501 petenti
291 438 321 500 p.
344 418 465 483 iocum
494 418 618 483 cuidam
639 417 771 501 Nigrino
799 416 993 482 exclamavit.
1039 415 1122 495 Quin
1151 415 1200 480 ita
1229 415 1272 481 sit

144 521 352 602 scribendum,
378 539 453 586 vera
467 520 610 586 Vaticani
631 520 764 585 lectione
787 520 912 603 cognita
934 518 1067 584 dubium
1079 536 1150 584 non
1164 502 1273 600 maist

144 642 222 689 esse.
255 623 293 688 In
307 624 387 689 libro
402 624 484 689 enim
499 623 652 690 Vaticano
662 623 790 705 legitur
813 622 971 704 ..petenti“
997 624 1072 704 (non
1088 626 1269 704 „petente,“

144 726 228 808 quod
250 726 342 791 affert
363 725 644 811 Eyssenhardtius)
667 731 701 790 et
723 726 907 807 „quidam,“
933 743 990 807 pro
1013 742 1075 807 quo
1098 725 1163 790 lam
1185 724 1271 806 apud

144 827 307 894 Gelenium
332 829 488 910 reperitur
516 827 680 905 „cuidamr
724 827 857 892 Dativus
885 831 1010 907 autem,
1041 826 1097 908 qui
1128 826 1170 891 ad
1197 836 1272 903 „exi

134 929 308 995 clamavit‘
343 929 526 995 referendus
560 934 622 1006 est,
656 927 748 993 facile
780 928 974 1010 intelligitur.
1030 927 1145 1010 Itaque
1177 927 1270 993 lectio

143 1032 284 1098 Accursii
308 1037 456 1114 „petente
478 1068 516 1076 -
542 1014 716 1112 quodam,“
748 1050 842 1113 quam
866 1035 1052 1112 receperunt
1073 1048 1184 1096 omnes
1205 1031 1272 1096 edi-

144 1140 229 1200 tores
251 1153 352 1217 usque
375 1135 415 1198 ad
431 1133 715 1214 Gardthausenum,
739 1135 794 1215 qui
811 1153 918 1199 veram
932 1133 1099 1199 lectionem
1120 1133 1268 1214 restituit,

143 1244 194 1303 est
215 1237 380 1302 reicienda.
415 1233 500 1315 XVI,
517 1238 546 1315 9,
563 1236 582 1300 3
605 1241 641 1300 ut
662 1237 809 1301 suaderet
829 1237 897 1318 regi
919 1255 949 1318 p
972 1236 1147 1301 litteras.
1182 1234 1269 1317 XXI,

144 1343 175 1416 3,
199 1338 402 1403 5Julianum
425 1337 603 1419 assiduep
626 1338 645 1402 l.
671 1339 831 1403 dominum
859 1338 1060 1420 appellabat.
1026 1341 1128 1420 t,7
1152 1341 1226 1421 4p.
1248 1338 1268 1403 I

146 1441 292 1506 Cretione
315 1440 427 1504 comite
395 1441 571 1505 t.edocto
615 1440 781 1521 ΧΧΙΙΙ,1
766 1445 843 1522 1,7
873 1442 1050 1506 nuntiatum
1074 1447 1123 1506 est
1145 1460 1175 1506 er
1196 1460 1227 1523 p
1248 1440 1268 1505 I

144 1541 246 1623 XXX,
263 1546 291 1623 1,
307 1542 329 1605 4
351 1542 502 1623 comperit
523 1562 553 1623 p
576 1542 596 1606 l.
619 1542 762 1607 Romano
784 1543 898 1608 rectori
919 1544 1053 1608 suadere
1075 1542 1266 1608 Terentium

144 1645 244 1726 XXV,
270 1650 288 1710 7
295 1695 302 1725 ,
329 1649 367 1710 12
398 1650 434 1710 ut
466 1651 642 1710 remaneret
675 1647 846 1729 occasio,
881 1667 910 1728 p.
944 1665 1039 1728 quam
1069 1647 1271 1712 invaderetur

134 1748 302 1823 Armenia.
347 1747 500 1829 XXVIII,
525 1750 560 1827 5,
587 1749 625 1813 15
655 1768 685 1829 p.
708 1749 791 1813 hanc
813 1768 840 1814 o.
863 1749 1022 1831 impendio
1050 1750 1269 1831 tempestivam

144 1851 335 1916 Alamannos
351 1851 527 1933 adgressus.
563 1850 631 1915 Hoc
653 1869 765 1915 nomen
787 1871 939 1934 persaepe
953 1852 1069 1934 legitur
1084 1871 1155 1919 cum
1172 1858 1265 1934 ‚der“

146 1953 344 2018 coniunctum
374 1953 459 2035 apud
488 1952 612 2017 Livium
637 1952 692 2034 (cf.
722 1952 858 2019 Wulsch.
889 1974 919 2035 p.
945 1955 1016 2036 73).
1059 1953 1170 2035 XXII,
1193 1959 1227 2035 7,
1250 1955 1269 2019 3

143 2075 174 2137 p.
205 2056 515 2121 ostentationem
551 2056 800 2137 intempestivam
836 2057 950 2121 nimius
989 2061 1132 2138 captator
1168 2057 1269 2123 inanis

144 2160 261 2244 gloriae
289 2161 384 2225 visus.
429 2158 555 2239 XXIII,
579 2160 614 2240 3,
639 2162 657 2223 7
689 2178 797 2224 somno
827 2179 857 2241 p.
880 2161 978 2225 otium
1008 2166 1099 2242 capto
1127 2160 1270 2225 exultans

143 2263 344 2346 pernoctavit.
387 2262 501 2343 XXIV,
526 2250 555 2342 3',
582 2267 597 2327 1
622 2263 706 2328 cibos
728 2282 759 2344 p.
784 2280 811 2326 o.
836 2263 1018 2344 capientem.
1063 2262 1179 2343 XXXI,
1205 2265 1270 2344 7,8

148 2371 239 2448 capto
261 2386 292 2448 p.
308 2385 336 2431 o.
353 2365 430 2431 cibo.
465 2364 580 2445 XXXI,
607 2367 635 2445 5,
653 2370 671 2431 5
694 2385 724 2447 p.
747 2384 880 2448 preces
902 2366 1029 2430 assidue
1050 2365 1270 2446 postulantem
1293 2442 1298 2457 Ι

129 2471 203 2559 15,
227 2471 267 2534 15
296 2488 327 2550 p.
349 2487 564 2549 procursus
592 2468 794 2551 pugnabatur
823 2473 855 2532 et
884 2468 1031 2550 globos
1075 2466 1167 2549 XVI,
1191 2470 1270 2550 6,3

148 2579 314 2653 tamquam
350 2590 380 2652 p.
418 2575 599 2636 saturam
641 2572 745 2636 subito
782 2570 978 2636 cubiculariis
1016 2570 1271 2654 suffragantibus

147 2675 247 2755 XXX,
273 2679 434 2756 1,1rege
457 2674 638 2752 Quadorum
662 2674 814 2756 occisop.
839 2674 971 2740 scelus
1005 2674 1156 2755 XXVIII,
1179 2676 1210 2756 4,
1234 2678 1272 2743 39

149 2776 283 2843 artifices
305 2795 457 2844 scaenam
478 2796 508 2858 p
532 2775 679 2841 sibilos
702 2776 920 2858 exploduntur.
954 2777 1101 2858 XIV,11
1142 2776 1274 2844 lacciri

147 2901 179 2964 p.
203 2880 492 2946 simulationem
520 2884 623 2945 tracta
604 2884 676 2945 atus
698 2879 814 2962 publici
844 2880 1007 2964 placuerat
1029 2879 1166 2946 Gallum.
1188 2879 1273 2961 XVI,

150 2985 186 3065 8,
213 2984 228 3045 l
260 3003 291 3065 p.
314 2989 376 3048 s.t
363 2984 500 3048 tuendae
522 2983 696 3048 maiestatis
718 2983 938 3065 imperatoriae
960 2983 1061 3049 multa
1087 2988 1119 3048 et
1140 2982 1275 3049 nefanda

150 3086 420 3168 perpetrabantur.
457 3085 545 3166 XIX,
569 3089 598 3166 9,
623 3089 640 3149 7
664 3106 694 3168 p.
718 3105 743 3151 s.
766 3087 999 3151 matrimonium
1021 3087 1150 3151 alterius
1173 3086 1275 3169 splen·

152 3189 245 3254 didae
266 3189 395 3272 virginis
417 3188 591 3255 adfectavit.
634 3187 734 3269 XXX,
760 3191 787 3267 1.
811 3190 853 3254 20
875 3189 999 3253 domino
1021 3209 1051 3271 p.
1076 3208 1100 3254 s.
1123 3188 1275 3255 naturalis

151 3292 313 3357 cuiusdam
342 3291 482 3372 urgentis
512 3309 648 3373 egresso.
693 3294 791 3372 4,18
819 3311 849 3373 p.
881 3292 1062 3357 morborum
1091 3311 1115 3357 s.
1139 3292 1274 3358 vicissim

152 3393 293 3459 consulto
327 3397 492 3458 cessantes.
544 3392 634 3473 XVI,
660 3395 756 3474 11,7
790 3392 880 3458 finxit
914 3394 1057 3459 tribunos
1089 3395 1212 3460 venisse
1244 3412 1274 3477 p.

152 3496 318 3579 speciem
340 3496 457 3579 negotii
479 3496 603 3577 publici.
648 3495 734 3578 XXI,
760 3501 809 3576 11,
834 3501 852 3562 2
879 3497 1018 3579 legiones
1039 3517 1069 3579 p.
1095 3517 1119 3563 s.
1143 3496 1276 3563 necessi·

151 3604 254 3665 tatum
276 3599 453 3682 urgentium
476 3599 561 3664 misit
583 3599 615 3664 in
638 3597 766 3664 Gallias
810 3599 911 3680 XXII,
940 3601 988 3679 10,
1015 3601 1030 3662 1
1059 3620 1090 3682 p.
1113 3618 1137 3665 s.
1163 3599 1276 3683 quietis

152 3702 348 3768 iudicialibus
377 3702 479 3768 causis
501 3702 648 3772 intentus.
694 3702 815 3785 XXIX,
841 3706 873 3784 5,
900 3706 937 3768 19
965 3703 1115 3785 comperit
1136 3703 1276 3770 Firmum

152 3825 183 3887 p.
206 3825 230 3871 s.
253 3804 395 3887 paventis
418 3810 450 3869 et
472 3804 621 3887 supplicis
644 3804 676 3868 id
699 3803 811 3870 moliri.
844 3805 906 3870 Pro
930 3803 1112 3885 ..faventisr‘
1129 3807 1215 3887 quod
1230 3810 1278 3872 est

152 3907 185 3974 in
215 3909 321 3974 codice
348 3908 516 3989 Vaticano,
549 3913 633 3973 recte
662 3908 904 3973 Kellerbauerus
937 3909 1062 3991 scripsit
1095 3909 1277 3990 „paventist‘

154 4009 257 4094 (31.1.
280 4010 384 4094 boyer.
409 4010 522 4094 Gymn.
558 4013 640 4076 1873
668 4029 697 4092 p.
722 4011 806 4092 137).
863 4010 946 4088 „Per
968 4011 1198 4076 simulationem
1206 4020 1222 4047 ‘⁶
1246 4015 1278 4077 ct

156 4131 232 4195 ,per
254 4113 408 4195 speciem‘·
440 4132 535 4194 saepe
563 4112 658 4177 etiam
687 4114 771 4194 apud
801 4113 878 4179 alios
901 4114 1069 4196 scriptores
1093 4150 1131 4161 -
1155 4115 1277 4181 Livium
1306 4174 1310 4179 ,

102 4229 105 4235 ·
155 4218 188 4280 et
210 4214 351 4280 Tacitum
369 4216 538 4299 praecipue
562 4253 604 4263 -
619 4215 774 4297 leguntur.
810 4216 957 4282 Ceterum
980 4217 1064 4299 apud
1080 4217 1278 4283 Ammianum
