2842 4764
280 229 321 295 26

280 414 429 497 quicquid
461 433 491 496 p.
524 430 647 478 omnem
681 411 834 477 ambitum
867 412 1030 495 agebatur.
1076 410 1130 490 12,
1154 412 1195 476 69
1223 409 1309 474 nulla
1339 408 1407 474 eius

278 517 437 582 mentione
458 535 489 597 p.
513 519 634 580 textum
662 513 879 597 longissimum
901 513 993 579 lacta.
1038 511 1145 592 XVII,
1171 512 1204 592 1,
1229 515 1248 578 5
1274 512 1348 576 visis
1370 531 1400 594 p.

278 619 432 684 montium
455 617 585 683 vertices
607 615 760 682 barbaris.
801 620 830 696 1,
854 621 873 684 8
897 617 1008 681 doctus
1029 633 1060 697 p.
1084 615 1288 680 subterranea
1310 632 1407 696 qnae-

279 722 352 786 dam
369 720 491 786 occulta
505 718 606 785 latere
621 718 779 801 plurimos.
814 717 934 800 XVIII,
946 723 980 799 7,
997 722 1016 783 7
1039 738 1069 801 p.
1086 717 1248 783 Edessena
1263 716 1409 799 sepulcra

280 823 409 889 militari
431 822 554 905 pyrrira
576 821 761 887 sonantibus
780 821 915 886 modulis
938 821 1164 887 delectabatur.
1199 822 1264 900 8,2
1284 820 1408 901 equites

281 924 474 1008 praesidium
495 945 525 1007 p.
550 943 604 989 eos
626 925 791 989 traductus
813 929 951 1006 agentes.
997 924 1083 1004 XIX,
1109 925 1158 1004 12,
1182 927 1201 990 6
1224 923 1334 988 datum
1358 926 1410 987 est

281 1029 442 1111 negotium
464 1028 610 1101 Modesto
634 1027 818 1092 etiamtum
841 1046 872 1109 p.
889 1028 1040 1094 orientem
1064 1027 1178 1096 comiti.
1224 1025 1310 1105 XXI,
1334 1026 1364 1105 3,
1386 1026 1408 1089 3

279 1132 333 1214 qui
362 1150 431 1196 sese
460 1151 492 1214 p.
515 1129 613 1195 valles
643 1129 839 1195 abdiderant.
886 1132 939 1210 12,
966 1132 1005 1196 10
1033 1133 1226 1195 armatorum
1255 1128 1352 1209 aliqui
1374 1146 1408 1210 p.

279 1251 388 1299 earum
417 1233 580 1318 (turrium)
610 1231 738 1315 fastigIa
766 1233 945 1299 interibant.
990 1232 1097 1311 XXII,
1124 1235 1180 1313 15,
1204 1235 1223 1299 8
1249 1233 1351 1314 pisces
1374 1236 1410 1296 et

278 1337 396 1402 herbae
424 1341 456 1402 et
483 1335 597 1401 beluae
624 1335 741 1401 similes
767 1355 797 1417 p.
822 1354 876 1401 eas
891 1336 1036 1418 paludes
1059 1336 1237 1419 gignuntur.
1286 1337 1339 1414 15,
1367 1339 1407 1401 16

280 1438 452 1503 crocodilus
468 1437 613 1504 noctibus
628 1437 790 1519 quiescens
805 1457 834 1520 p.
849 1438 960 1503 undas.
994 1437 1115 1516 XXIII,
1131 1439 1160 1517 6,
1177 1438 1218 1501 42
1241 1437 1408 1516 incertum,

260 1596 264 1601 .
281 1558 344 1621 qua
365 1541 488 1605 ratione
503 1560 533 1622 p.
550 1559 621 1605 oras
637 1540 810 1605 maritimas
831 1539 908 1604 nihil
924 1540 1128 1605 condiderunt
1143 1539 1273 1621 insigne.
1309 1538 1410 1615 Quasi

280 1643 472 1724 praeteriens
494 1660 606 1707 moneo
628 1642 831 1707 indicativum
855 1643 1110 1719 „condiderunt“
1140 1642 1260 1707 nullam
1289 1641 1411 1706 habere

281 1743 492 1824 offensionem,
509 1745 535 1810 si
552 1745 678 1826 quidem
693 1745 777 1826 apud
790 1745 989 1809 Ammianum
1005 1763 1157 1827 persaepe
1172 1749 1204 1810 et
1218 1744 1251 1809 in
1267 1744 1411 1817 oratione

281 1846 409 1928 obliqua
430 1853 462 1913 11
483 1848 516 1912 11
539 1848 607 1912 aliis
631 1847 793 1912 1111111111
814 1847 1001 1912 indicativus
1023 1866 1080 1929 pro
1100 1847 1293 1913 coniunctivo
1315 1865 1412 1911 usur-

280 1953 382 2032 patur.
418 1949 476 2030 (Of.
493 1950 709 2015 HassensteIn.
733 1969 762 2031 p.
778 1951 843 2028 37.)
879 1950 995 2027 XXIV,
1019 1956 1047 2030 6,
1072 1952 1091 2014 3
1114 1951 1245 2032 gentiles
1267 1950 1410 2031 picturas

280 2071 312 2134 p.
329 2070 437 2117 omnes
460 2053 583 2117 aedium
605 2052 743 2135 parietes
766 2053 943 2117 ostendens.
981 2051 1158 2133 comprobo
1174 2050 1409 2116 Gardthauseni

281 2156 469 2237 scripturam
492 2156 667 2235 „parietes‘
691 2154 774 2220 facili
797 2154 970 2229 mutatIone
985 2156 1164 2220 restitutam
1184 2173 1241 2236 pro
1258 2158 1408 2235 ,parcesr

184 2254 192 2269 “
226 2330 229 2335 ,
281 2258 365 2340 quod
394 2262 496 2322 exstat
526 2258 653 2339 quidem
679 2259 711 2322 in
735 2257 906 2340 codicibus,
935 2258 991 2323 sed
1021 2277 1145 2323 sensum
1171 2258 1275 2327 minus
1298 2261 1407 2338 aptum

192 2384 199 2405 ·
279 2361 419 2443 praebet.
453 2360 551 2441 XXV,
569 2364 598 2441 9,
616 2364 634 2427 5
657 2381 686 2443 p.
711 2360 815 2426 omnia
838 2361 971 2426 civitatis
992 2362 1135 2426 membra
1156 2380 1218 2426 una
1240 2379 1300 2425 vox
1315 2375 1408 2424 cunc·

279 2469 385 2528 torum
407 2468 476 2529 erat
497 2465 695 2546 gementium.
737 2463 856 2529 Eodem
885 2465 978 2529 modo
1001 2465 1151 2544 XXVII„
1164 2466 1229 2544 3,1
1252 2483 1283 2545 p.
1303 2461 1408 2528 omnia

201 2628 205 2637 ,
281 2565 416 2630 civitatis
435 2566 575 2630 membra
590 2585 703 2630 nomen
714 2567 875 2648 proprium
886 2567 1085 2632 inscribebat.
1111 2572 1139 2646 1,
1154 2570 1170 2632 1
1185 2567 1260 2631 dum
1271 2585 1300 2648 p.
1315 2583 1406 2630 eoum

190 2752 195 2763 ι
281 2669 389 2734 orbem
402 2670 479 2734 haec
496 2670 612 2735 diversi
624 2688 729 2761 rerum
741 2670 909 2751 expediunt
921 2689 1020 2736 casus.
1047 2674 1096 2748 11,
1110 2672 1129 2735 6
1144 2671 1204 2735 hae
1219 2690 1249 2752 p.
1266 2668 1410 2734 occiden-

280 2771 360 2837 tales
375 2772 485 2855 plagas
500 2773 596 2837 series
610 2790 716 2837 rerum
730 2771 818 2837 fuere
834 2779 1003 2867 gestarum
1031 2773 1180 2854 XXVIII,
1197 2778 1227 2853 4,
1244 2775 1285 2838 29
1300 2771 1406 2836 videre

280 2875 353 2940 licet
381 2895 411 2956 p.
434 2874 503 2940 fora
529 2879 561 2940 et
593 2875 729 2956 compita
759 2880 791 2940 11
818 2875 940 2958 plateas
971 2882 1003 2941 et
1034 2875 1248 2941 conventicula
1277 2873 1408 2940 circulos

281 2978 398 3042 multos
421 2977 567 3042 collectos
589 2977 622 3042 in
645 2996 678 3042 se
701 2979 908 3043 controversis
930 2978 1039 3061 iurgiis
1053 2962 1143 3044 'ferri
1192 2977 1300 3058 XXX,
1325 2977 1363 3056 3,
1380 2977 1407 3060 ,3

281 3080 503 3146 adnitebantur
525 3097 634 3144 ornnes
656 3099 686 3162 p.
710 3081 829 3162 regiam
852 3082 1027 3162 optimates.
1064 3081 1182 3161 XXXI,
1201 3086 1230 3162 4,
1248 3084 1267 3146 5
1289 3100 1319 3162 p.
1342 3097 1408 3143 am-

281 3203 352 3248 nem
367 3183 472 3248 hausti
487 3187 560 3248 sunt
575 3182 693 3264 plures.
718 3187 747 3263 8,
764 3187 785 3248 4
800 3202 870 3249 cum
886 3184 1093 3250 obruerentur
1108 3186 1213 3266 vigore
1228 3189 1408 3275 nostrorum

280 3305 310 3368 p.
328 3287 513 3368 asperitates
536 3303 702 3367 scruposas
726 3286 828 3351 valide
848 3287 1070 3357 resistentium.
1107 3291 1190 3367 14,4
1212 3285 1409 3371 (1111111111-

281 3387 362 3468 ficia)
384 3408 414 3471 p.
430 3389 570 3454 diversas
593 3388 688 3454 urbes
712 3393 744 3454 et
766 3389 882 3471 oppida
903 3390 953 3455 vel
974 3391 1161 3456 instauravit
1182 3390 1232 3455 vel
1249 3387 1407 3455 instruxit.

281 3554 289 3565 ,
366 3490 600 3557 Adiectivorum
611 3496 724 3555 neutra
736 3491 934 3572 reperiuntur
942 3493 988 3557 ita
996 3511 1066 3558 curn
1076 3500 1170 3574 „per“
1181 3491 1344 3557 coniuncta
1358 3489 1408 3554 his

280 3582 499 3673 lociserX,8‚
510 3594 747 3675 lnostriaequis
756 3593 910 3676 viribusp.
920 3594 1227 3664 arduaresistebant.
1242 3577 1319 3675 8,11
1331 3611 1410 3675 quo-

224 3758 231 3775 ,
281 3695 367 3763 niam
377 3696 496 3777 inopini
504 3696 648 3780 (Persae)
658 3717 688 3778 p.
701 3697 789 3761 varia
802 3696 996 3791 visebantur.
1014 3696 1148 3778 XXVII,
1162 3699 1210 3777 11,
1223 3698 1259 3762 11
1272 3692 1304 3778 p.
1315 3696 1408 3761 silva-

280 3817 351 3903 111]
367 3797 525 3881 profunda
537 3803 570 3862 11
580 3797 736 3863 flexuosos
749 3799 843 3865 colles
855 3799 1014 3865 mensibus
1029 3801 1166 3889 quinque
1178 3800 1406 3866 delitescentes.

326 4004 350 4052 c.
382 3987 435 4052 De
457 3986 584 4052 locali
606 3987 919 4068 praepositionis
941 3987 978 4051 vi
1000 3988 1153 4069 tropice
1175 3987 1363 4053 adhibita.
1395 3998 1414 4027 '·

366 4105 415 4171 Ex
444 4106 589 4171 omnibus
617 4105 766 4186 exempIIs
798 4106 900 4171 adhuc
931 4106 1033 4172 allatis
1074 4107 1270 4189 cognoscitur
1301 4105 1411 4173 localis

281 4207 522 4290 praepositionis
549 4208 612 4290 vis,
648 4208 713 4273 sive
746 4208 865 4289 aliquid
888 4208 1024 4290 aliquem
1043 4210 1147 4285 locum
1169 4211 1322 4291 percurrit
1344 4210 1410 4276 sive
